2492 4509
257 666 260 670 >
316 581 559 738 odonna.
572 609 674 694 nm
697 605 762 689 rr.
831 585 872 685 “.
932 566 1002 706 iro
1081 616 1128 680 -'

146 832 216 909 rsus
241 832 400 932 antiquae
431 824 618 926 Eccle‘fitet
640 829 788 932 jamque
815 832 1004 934 abaliquo

146 955 235 1030 pore
257 932 371 1006 veluti
393 929 542 1027 periculi
562 928 715 1010 faciendi
741 931 857 1034 copisa
892 934 1006 1010 conii⁴
1086 1005 1089 1030 ,
1111 999 1113 1006 .

146 1034 233 1108 :iam
258 1029 321 1106 fibi
344 1027 520 1125 sumpsere
542 1027 714 1115 dicendi,
746 1029 796 1127 (r)
825 1035 887 1108 vix
909 1032 1007 1108 duit.
1086 1033 1088 1040 ’

146 1132 170 1203 ἰ’
195 1134 300 1205 iocum
324 1124 404 1228 effe,
434 1127 638 1222 studiorum
657 1130 810 1203 initiandi
833 1117 1008 1230 uovos'sa·

146 1243 227 1314 nter,
252 1227 300 1301 dii
346 1223 634 1323 ondoprnbyteris
650 1251 721 1301 rum
736 1225 1011 1326 Eprfcopr‘rcrm·

146 1352 199 1402 em
218 1330 275 1422 fui
303 1355 328 1400 e.
378 1326 428 1400 Et
451 1324 623 1400 haetenus
655 1324 802 1423 quidem
829 1347 889 1402 res
913 1323 1014 1404 rimis

146 1428 288 1512 rdhuc,
325 1423 388 1511 dt,
409 1423 506 1498 'acin
525 1422 676 1514 fortuito
712 1426 891 1502 duntaxat
930 1424 1012 1502 casu
1056 1481 1074 1496 Ι

146 1549 191 1601 ea
213 1524 351 1600 mentio
381 1523 582 1611 incideret,
620 1535 664 1599 ut
699 1507 807 1601 dubia
844 1525 1014 1628 proponi·

146 1647 160 1697 :
201 1640 240 1699 at
263 1627 370 1721 paulo
394 1621 542 1698 inferius
581 1621 745 1720 Scriptor
766 1624 882 1700 Seiiae
905 1643 1017 1700 omno

146 1723 230 1798 ium
256 1721 378 1806 tollit,
405 1720 443 1797 dr
461 1743 524 1818 pro
547 1736 646 1795 certo
669 1722 797 1818 ponit,
823 1721 1017 1822 plusquam

146 1821 353 1916 dringentis
389 1821 495 1893 annis
525 1817 701 1914 simplices
727 1821 942 1899 Sacerdotes
967 1821 1019 1895 s·

146 1921 334 1996 ;·0rdines
361 1916 560 1993 contulisse:
596 1919 661 2012 (k)
684 1970 706 2003 ,,
726 1918 819 1994 Usus
840 1920 879 1997 δι
896 1920 1020 2019 poiiei·

150 2043 205 2103 o,
229 2019 297 2101 ait,
320 2018 357 2090 in
380 2039 452 2113 qua
473 2015 710 2112 presbyteria¹
724 2017 928 2114 primordiis
952 2020 1022 2094 Ec-

146 2114 248 2192 tefiae
272 2115 396 2200 suere,
422 2113 481 2188 seu
517 2112 735 2210 conjuniiim
770 2138 855 2190 cum
882 2117 1025 2214 Episco-¹

146 2238 212 2325 us,
244 2235 303 2311 seu
328 2213 616 2356 separatim,
645 2231 763 2316 sacros
793 2235 937 2340 ordines
963 2237 1026 2314 ad·

146 2357 380 2442 ministrandi,
415 2356 514 2431 haud
548 2354 707 2430 muitum
737 2352 833 2431 ultra
855 2369 1028 2452 quartum

146 2454 311 2534 'zerulum
336 2453 496 2553 perstitit.
520 2462 542 2493 ⁴⁶
584 2455 687 2548 Ergo
714 2453 812 2552 usis,
837 2454 900 2551 qui
923 2455 1029 2546 initio

146 2554 339 2632 rtroverius
375 2553 493 2628 adhuc
518 2551 556 2628 dr
595 2552 727 2626 dubius
760 2555 1030 2652 comparebat,

146 2655 202 2730 ido
224 2651 372 2730 omnino
393 2664 514 2724 certus
540 2647 676 2744 evasrt3
701 2649 739 2725 dr
753 2647 934 2748 poiieiiio,¹
947 2676 1032 2754 quae

146 2767 248 2829 atuor
276 2809 285 2838 ‚
321 2750 358 2826 dr
384 2749 480 2848 quod
506 2749 676 2835 excedit,
709 2746 848 2823 saeculis
871 2749 1032 2848 periere.

146 2873 175 2939 t,
201 2873 334 2948 anceps
369 2848 436 2923 ess'e
460 2850 596 2946 nequit
648 2847 789 2923 interea
803 2847 1037 2944 documenta

146 2975 220 3026 men
244 2948 411 3047 quaedam
436 3001 445 3035 ,
480 2947 518 3024 dr
544 2943 713 3045 exempla
737 2955 890 3034 eorum,
929 2951 991 3048 qui
1012 2975 1037 3024 a

146 3050 315 3149 nplicibus
334 3047 554 3144 presbyteris
579 3045 788 3121 sacerdotali
808 3046 933 3120 ordine
950 3072 1037 3136 con·

145 3148 224 3225 :rati
247 3144 413 3230 suilient,
437 3146 475 3218 in
493 3140 798 3218 medium·afferri
829 3158 1035 3242 oporteret,

180 3243 406 3322 instaurando
446 3243 531 3318 huic
567 3270 590 3317 o
606 3245 643 3314 io
677 3242 809 3316 certior
830 3266 873 3316 ac
898 3241 1038 3355 planior

146 3344 391 3445 reperiretur.
465 3341 538 3415 Sed
566 3249 939 3417 tinorumsecenno
964 3335 1043 3444 ⁰Jo-

146 3472 188 3523 rm
212 3445 433 3540 legitimorum
445 3438 591 3514 authori
608 3438 646 3514 in
661 3451 830 3540 promptu
843 3437 916 3526 est,
941 3461 1042 3514 cum-

146 3569 176 3624 re
196 3565 281 3619 vera
305 3537 482 3637 ejusmodi
511 3534 703 3636 specimina
737 3534 894 3623 desunt,
936 3537 1045 3616 fabri-

150 3663 211 3724 tur
233 3640 342 3727 fatti,
369 3636 407 3714 δι
431 3633 511 3733 (i)
562 3692 585 3726 ,,
611 3637 653 3716 S.
677 3633 918 3724 Timotheus,
957 3637 1043 3723 ait,

926 3760 998 3810 nott

146 3878 323 3905 m
837 3871 1051 3889 m

148 3915 196 3990 (i)
217 3909 294 3971 ibid.
337 3907 387 3985 (i)
408 3905 481 3975 iura
501 3904 649 3988 legitime
666 3901 733 3968 &c
751 3921 828 3985 pop.
851 3918 947 3985 501..

146 3994 192 4074 (l)
209 3991 288 4053 ibid,
306 4007 392 4072 ρῳ·
405 3994 476 4073 578.
