2492 4509
169 194 299 308 '’um
334 229 483 334 ‘agi
517 277 537 314 ‚
590 227 671 302 δε
718 225 811 300 ad
860 241 1103 323 partes
1177 225 1339 303 suas
1413 194 1694 304 {rahnei
1751 253 1902 310 non

169 341 333 412 mt',
382 325 571 402 exofi
622 325 1011 399 reddantur
1066 323 1435 413 fidelibus,
1485 329 1738 425 eisque
1785 349 1902 402 re·

169 423 535 500 seua-ntur
578 427 777 498 velut
843 424 1175 500 homines
1208 479 1227 512 ‚
1281 431 1397 521 qui
1441 430 1693 530 nonmfi
1733 450 1900 523 pro·

169 551 247 722 ⁰]
274 535 523 642 lufrum
570 525 942 622 speclannt
971 573 992 612 ,
1048 521 1130 600 8
1177 521 1578 602 utilitatibus
1613 525 1767 623 sm's
1807 543 1898 600 ex

226 639 533 703 mrento

194 813 479 895 Fideles
504 817 994 908 sacramentis
1020 815 1338 918 spoliati,
1383 817 1730 918 perverfis
1745 823 1888 897 im-

196 918 709 1016 ppinionibus,
759 915 833 993 &
866 918 956 994 ab
1007 921 1414 994 animarum
1439 919 1729 995 suarum
1753 943 1883 1018 pa-

169 1017 305 1092 bus
372 1015 665 1093 alienati
690 1071 709 1102 ‚
772 1039 919 1091 non
982 1015 1179 1092 aliud
1202 1019 1586 1114 -reliquum
1660 1019 1887 1092 habe-

169 1115 585 1190 :evitandae
608 1115 1141 1212 depravationis
1196 1117 1619 1202 remedium,
1667 1139 1894 1214 quam

169 1233 283 1288 em
322 1213 584 1289 Matris
631 1211 969 1289 Ecclefiae
1004 1261 1023 1297 ‚
1104 1211 1183 1288 δι
1228 1213 1537 1286 docilem
1587 1214 1680 1286 ad
1728 1235 1895 1298 eam

169 1333 367 1388 num.
510 1309 613 1386 Ut
656 1311 753 1387 &-
780 1311 922 1385 hoc
972 1309 1381 1408 perfugium
1425 1309 1570 1384 illis
1615 1310 1893 1387 adime-

192 1467 211 1498 ,
292 1411 375 1488 &
422 1407 518 1486 fic
562 1410 763 1485 omni
806 1433 945 1507 ope
991 1407 1370 1484 destitutos
1413 1407 1488 1482 in
1529 1409 1892 1488 malorum

170 1509 427 1606 ginem
496 1508 1029 1617 praecipitarent
1058 1563 1077 1594 ,
1153 1530 1241 1580 ea
1289 1506 1385 1581 ad
1427 1507 1770 1583 ultimum
1842 1535 1890 1586 a

169 1605 571 1706 gosontanis
638 1605 899 1680 Deistis
949 1607 1137 1680 ratio
1186 1627 1276 1679 ac
1317 1599 1438 1679 via
1495 1607 1676 1680 inita
1719 1605 1818 1679 est
1863 1663 1886 1694 ,

169 1717 675 1806 ›ppugnaretur
719 1703 1125 1780 authoritas
1174 1704 1456 1800 Capitis
1501 1703 1840 1778 Ecclefiae
1861 1760 1884 1791 ,

172 1806 381 1880 deles
428 1804 603 1879 huic
648 1805 1197 1886 contemnendae
1246 1799 1746 1876 assuefierent:
1795 1815 1886 1877 ut

169 1903 689 1975 nutentionem
768 1916 1148 1975 vocaretur
1234 1899 1460 1974 status
1543 1897 1884 1974 Ecclefiae
