2492 4509
335 616 574 726 anunm
610 615 799 730 1’4'13'1·
852 703 860 724 Ι
951 662 1023 740 aaa
1063 679 1091 744 ·,
1143 749 1147 756 ,

140 862 212 916 arn
235 835 391 916 sormam
415 836 578 924 redasta,
608 833 666 930 ass
764 851 792 916 t.
858 835 914 918 At
936 865 1030 926 num

139 963 193 1014 uc
219 936 291 1012 illis
317 935 453 1035 semper
464 935 636 1024 asserent,
714 961 788 1014 non
809 935 1029 1020 vicissrmsuo

139 1058 264 1135 npore
288 1034 359 1111 hoc
394 1057 457 1110 eos
479 1034 592 1132 ffadu
627 1031 820 1133 dejicient.
843 1035 882 1118 dt
905 1045 1029 1140 aequa-

139 1151 187 1211 nt
205 1158 289 1210 cunr
310 1132 421 1214 laicis.
447 1149 513 1209 aut
538 1131 631 1208 insra
655 1157 718 1209 eos
735 1133 929 1240 pbjicienti
953 1137 1030 1216 Sed

139 1258 167 1308 c
192 1234 238 1307 de
249 1257 288 1330 re
298 1233 409 1330 paulo
420 1229 517 1330 post,
540 1231 601 1306 ubi
624 1255 686 1306 am
709 1231 782 1308 lius
800 1235 896 1331 quid,
919 1261 1029 1335 quam
1155 1331 1160 1340 .

139 1332 306 1430 picione's
318 1343 384 1408 aut
396 1327 618 1428 conjecturas
707 1327 868 1414 uoesnu&
1006 1415 1010 1420 ,

194 1527 380 1604 Caeterum
405 1525 443 1602 id
465 1517 585 1610 omne.
611 1527 708 1627 quod
723 1525 924 1629 Jansenistae
936 1527 1034 1606 Pon··

140 1627 185 1701 ci
213 1625 250 1703 dt
275 1625 456 1724 Episcopis
479 1625 673 1708 auferunt.
696 1643 759 1714 ut,
783 1630 881 1727 quod
901 1627 1035 1708 intuso·

153 1727 335 1800 damnum
356 1781 363 1804 ,
389 1723 580 1801 resarciant
615 1725 784 1802 Ecclesiae
798 1786 808 1811 ,
822 1747 973 1824 *magna
996 1729 1037 1804 in

140 1824 277 1922 rpiices
303 1823 516 1898 Sacerdotes
546 1825 774 1914 liberalitate*
794 1827 912 1902 eidem
931 1825 1037 1902 resti·

140 1937 237 2009 unt,
263 1921 349 1996 durn
376 1923 456 1996 illos
481 1921 518 1994 iu
542 1923 682 1996 excesso
704 1924 889 2018 dignitatis
922 1925 1038 2030 gradu
1131 1989 1134 1996 .

145 2019 291 2095 locant.
368 2017 548 2116 Episcopis
582 2021 705 2116 itaque
725 2021 777 2096 uis
798 2022 930 2109 aliud,
964 2023 1038 2121 quo

140 2120 310 2194 recedant
337 2118 603 2220 presbyteros,
641 2117 850 2215 relinquunt
879 2174 889 2206 ‚
927 2145 1039 2216 quam

140 2236 238 2292 rnen
264 2217 448 2314 Episcopi,
476 2213 514 2291 δι
539 2217 609 2291 hoc
634 2216 778 2325 quidem
802 2229 875 2292 don
901 2216 963 2292 nisi
988 2241 1040 2293 ae·

140 2335 187 2390 e:
213 2317 230 2407 (
241 2319 295 2410 s)
325 2369 346 2399 ,‚
371 2314 596 2411 presbyteri,
625 2327 751 2410 ajunt.
786 2339 860 2392 non
883 2317 1040 2414 amplius

140 2412 382 2513 appellantur
408 2413 601 2506 Episcopi,
638 2437 842 2510 quanquam
880 2416 950 2489 hoc
973 2433 1040 2490 no·

140 2531 240 2586 rnen
273 2511 435 2609 Episcopi
456 2535 530 2585 non
553 2512 676 2602 minus
710 2513 902 2587 conveniat
938 2535 1039 2612 pres·

140 2611 314 2706 ayteris,
338 2610 399 2705 qui
423 2631 509 2686 cura
533 2612 737 2684 animarum
762 2611 907 2686 diviniii
930 2614 1037 2694 runt.

141 2727 264 2804 quarn
303 2731 435 2782 nornen
467 2703 646 2803 presbytera
683 2710 873 2784 conveniat
896 2709 1039 2816 Episco·

141 2809 220 2896 pis.
242 2862 264 2890 „
288 2806 371 2881 Non
398 2806 563 2881 videntur
596 2821 720 2880 tamen
735 2807 774 2880 in
790 2830 835 2882 ea
851 2807 1038 2884 voluntate
1136 2888 1143 2904 ,

141 2922 197 2992 e,
225 2918 266 2980 ut
288 2904 357 2979 hoc
381 2928 515 2978 nornen
538 2904 699 3002 Episcopi
725 2929 884 3003 unquam
907 2907 1039 2986 iisdem

141 2996 282 3078 idant:
321 3026 411 3076 nurn
452 3027 498 3075 ex
534 3001 705 3078 modestia
729 3027 772 3078 ac
792 3005 1039 3080 moderatione

141 3094 252 3178 iani?
284 3100 368 3175 Non
384 3101 572 3196 equidem,
598 3100 657 3175 sed
679 3101 764 3198 quia
786 3101 856 3177 hoc
880 3127 1039 3190 nornen,

141 3187 165 3270 ὶ
195 3201 234 3276 S.
259 3199 394 3275 Paulus
426 3201 553 3273 eodern
576 3198 589 3271 i
614 3197 768 3274 summet
791 3199 909 3297 Jesum
934 3201 1040 3276 Chri·

141 3318 199 3374 ιιιι
223 3297 303 3374 ase
332 3294 488 3392 insigniri
521 3322 543 3393 p
593 3321 614 3370 e
640 3299 854 3382 crediderit,
880 3323 955 3372 non
976 3299 1041 3374 ad·

141 3398 260 3473 ndum
283 3393 521 3471 honorificum
545 3393 603 3470 est.
629 3393 703 3492 (g)
726 3452 749 3484 „
774 3395 810 3469 A
832 3396 941 3491 longo
961 3393 1040 3493 jain

156 3507 358 3592 ternpore,
396 3492 588 3590 inquiunt,
624 3493 841 3569 Curionibus
866 3518 940 3568 non
962 3518 1040 3568 am·

159 3595 256 3686 plius
266 3595 371 3668 datur
383 3616 515 3666 nornen
529 3590 704 3688 Episcopi,
720 3615 834 3688 neque
845 3590 955 3690 etiam
963 3617 1039 3692 rua-

160 3717 272 3791 gnam
293 3715 339 3766 ex
352 3689 421 3767 hac
442 3687 620 3767 ornissrone
642 3690 817 3789 jaiiurarn
837 3689 920 3789 passi
938 3683 1017 3766 suut
1029 3718 1039 3784 ;

872 3837 896 3874 ‚,
919 3813 993 3865 nou
1144 3854 1148 3860 .

143 4009 542 4109 ¹ss>2¹¹²s⁸2dl¹⁰²f¹³⁸⁶1⁰·
556 4055 630 4122 με·
648 4045 722 4121 58⁴„
748 4029 1037 4123 (nimium-
