2492 4509
85 194 89 446 Ι
240 437 245 458 l

563 477 589 556 ⁸

281 712 285 722 Ι
353 607 602 720 nomm.
650 614 742 692 Pars
763 611 837 698 111,
901 649 903 654 ·
985 641 1056 719 297
1128 626 1165 654 ·’

226 830 347 914 sado
379 828 494 910 vestro
520 830 606 908 satis
630 833 749 910 adhuc
784 844 863 910 erat
896 829 1057 932 ingenii,

118 949 167 1014 ut
187 933 432 1029 intelligeret,
455 932 605 1030 impiam
634 932 810 1030 ejusundi
834 931 1057 1016 dottrinam,
1138 963 1140 972 ·

121 1057 239 1134 quam
254 1043 321 1132 p'ro
339 1051 440 1105 more
455 1031 557 1106 vobls
572 1053 656 1106 cum
669 1031 748 1114 aliis
764 1031 944 1107 haereticis
960 1052 1059 1106 com·

123 1133 257 1218 mimi,
281 1155 353 1228 quo
376 1149 515 1204 errores
538 1127 676 1226 semper
704 1127 792 1206 sacri
813 1129 955 1204 Codicis
979 1151 1060 1204 ver·

125 1233 183 1308 bis
205 1221 396 1314 firmatis',
432 1227 661 1326 impudenter
696 1229 733 1304 S.
760 1227 873 1304 Paulo
911 1227 1059 1316 tribuit,

129 1329 231 1405 omni
263 1329 361 1404 bono
384 1323 495 1400 sensui
531 1348 680 1420 gravem
716 1323 884 1422 injuriam
918 1321 1059 1399 inserr'e.

129 1425 188 1502 Ut·
219 1447 307 1522 ergo
342 1439 487 1522 pacaret
511 1424 677 1508 animos,
738 1446 868 1499 uorum
904 1424 973 1499 hac
996 1424 1060 1497 do·

131 1523 243 1600 &dina
276 1544 449 1618 mgnum
481 1524 521 1596 in
555 1519 590 1595 se
614 1447 843 1596 offensonem
880 1523 1060 1597 concitare

133 1634 297 1720 poterat,
322 1619 499 1694 nefarium
527 1618 631 1694 suum
670 1621 802 1715 dogma
823 1620 869 1694 de
893 1619 1062 1696 stabilita-

135 1735 172 1794 te
189 1719 334 1818 justitiae
367 1718 544 1793 convertit
564 1719 603 1792 in
626 1717 834 1812 mysterium
857 1717 895 1795 &
928 1719 1061 1815 dogma
1135 1751 1139 1758 ·

136 1817 239 1904 fidei,
268 1815 367 1916 quali
388 1815 591 1892 'obscuritas
613 1816 697 1890 fidei
718 1817 885 1892 omnibus
909 1831 1061 1893 novato·

135 1937 214 1991 nun
235 1915 370 1991 delitiis
395 1915 493 1990 viam
517 1913 696 2000 sternere,
721 1914 759 1990 dr
784 1914 935 1990 liberum
960 1939 1059 1990 com-

85 2037 95 2094 ι
137 2027 295 2090 meatum
319 2011 483 2110 praellare
514 2011 635 2110 posset.
666 2023 725 2112 (a)
749 2069 769 2098 ‚‚
788 2013 827 2088 Si
848 2017 979 2098 etiam,
1004 2014 1060 2086 in·
1092 2039 1094 2044 ·

139 2113 258 2210 „quit
291 2109 477 2194 Parisios,
514 2126 657 2187 tanturn
685 2114 723 2185 in
746 2112 847 2185 nobis
878 2112 1062 2187 facultatis

140 2264 161 2296 „
180 2235 252 2285 non
270 2208 356 2284 esset
379 2264 388 2294 ,
423 2224 464 2285 ut
491 2233 555 2294 ea,
581 2231 663 2306 quae
686 2225 811 2284 contra
833 2210 1060 2285 stabilitatem

140 2361 162 2394 „
180 2305 323 2408 justitiae
351 2305 455 2404 objici
481 2308 642 2404 possunt,
667 2310 907 2394 dilueremus,
933 2309 1062 2383 nihilo-

142 2408 301 2492 „nunus
325 2418 447 2480 tamen
467 2428 531 2502 pro
554 2427 593 2477 re
610 2422 795 2501 comperta
820 2406 921 2480 illam
940 2408 1063 2480 haberi

142 2559 162 2591 „
182 2505 370 2605 oportebit,
393 2506 476 2600 quia
501 2501 580 2576 luce
598 2503 729 2576 clarius
743 2503 807 2586 ell,
834 2506 955 2590 eamS
972 2505 1064 2576 Pau·
1131 2543 1156 2560 ·-

143 2605 207 2690 „li
235 2603 433 2679 dostrinam
468 2600 545 2674 else.
609 2601 802 2696 Repugnat
826 2601 886 2675 illa
908 2603 1062 2698 quidem,

144 2755 165 2785 ,,
183 2700 220 2778 dr
240 2704 317 2778 vim
340 2698 445 2776 affert
481 2698 606 2773 nostris
624 2753 646 2784 ‚‚
663 2723 753 2795 quas
784 2700 906 2772 animo
933 2722 1066 2796 praece-

143 2851 165 2886 „
208 2802 343 2887 imus,
383 2820 502 2872 rerum
540 2798 652 2890 ideis;
684 2813 723 2871 at
760 2796 968 2873 cohibendae
1006 2799 1066 2873 hae

144 2949 166 2982 „
186 2823 293 2984 sunt,
332 2896 373 2973 ἀ
401 2897 603 2991 redigendae
637 2895 698 2970 sub
728 2894 857 2991 jugum
881 2897 984 2983 fidei,
1011 2913 1067 2971 ot-

146 3019 254 3093 „que
285 2996 378 3071 adeo
411 2994 449 3068 in
473 2997 607 3080 rebus,
649 3017 730 3091 qum
759 2993 898 3067 infinite
935 2997 1066 3070 iutelli-

147 3145 168 3178 „
186 3093 318 3190 gentiae
335 3091 462 3167 nostrae
475 3094 623 3167 modum
643 3091 833 3176 excedunt,
860 3094 976 3188 magis
993 3117 1069 3168 cre-

149 3241 168 3274 „
185 3191 341 3268 dendum
364 3190 599 3277 veritatibuS,
634 3215 724 3287 quas
744 3187 919 3286 aspirante
940 3191 1068 3265 Numi·

149 3337 170 3374 „
188 3313 232 3364 ne
265 3289 457 3372 discimus,
483 3312 590 3385 quam
615 3287 844 3384 coujesiuris,
872 3287 909 3363 dt
934 3289 1071 3384 opinio·

149 3439 171 3472 ,,
191 3387 326 3473 uibus,
366 3410 457 3483 quas
495 3388 610 3461 laxmr
635 3386 831 3480 Theologia
857 3384 1021 3480 suggerit.
1048 3444 1069 3474 „

239 3585 310 3660 Hic
346 3583 530 3658 enimvero
561 3581 703 3658 videtur
736 3581 864 3656 sentire
886 3581 1072 3670 Parisios,

149 3683 299 3782 lnquem
315 3681 350 3757 se
362 3682 610 3778 labyrinthum
636 3681 830 3756 immiserit.
884 3682 956 3756 Sed
970 3683 1073 3757 usita-

150 3793 225 3856 tum
250 3780 525 3882 janseuistarum
546 3781 585 3852 in
607 3778 785 3877 ejusmodi
810 3781 997 3854 eventibus
1024 3780 1073 3851 es-

558 3877 864 3998 Tsm
972 3878 1027 3950 su-

867 3979 1075 3998 w

147 4017 193 4094 (nl
213 4033 284 4095 ate
303 4030 334 4094 9·
