2492 4509
358 601 367 608 ’
415 616 772 732 {imfimo-Pars
794 631 827 713 1.
896 619 969 744 'Q'
1035 655 1085 740 -13
1125 569 1128 574 Ι

127 871 151 918 1,
164 803 340 908 'idtimum
372 824 481 906 ddum
494 869 512 915 ·,
539 839 657 926 quern
676 807 760 908 tam
789 834 869 911 'cito
893 859 1084 1012 exprome,

132 983 149 1016 „
167 953 236 1018 re,
275 943 387 1026 atque
422 927 534 1002 ¹edere
563 951 641 1002 non
673 925 898 1025 audebant,
951 963 1084 1038 copum
1148 1009 1150 1016 .

126 1069 150 1115 ·„
166 1029 220 1106 leu
244 1027 417 1127 Belsinum
438 1049 517 1100 rem
535 1026 790 1128 perducerent.
916 1043 919 1050 '

204 1173 233 1217 ·„
257 1129 313 1204 Et
344 1126 519 1225 quoniam
553 1125 676 1203 nudus
714 1152 766 1203 ex
799 1134 972 1218 omnibus
1011 1138 1083 1214 Ec÷

126 1267 151 1314 ·„
161 1227 276 1306 deirae
308 1225 527 1324 notioribus
555 1224 647 1312 fuit,
677 1241 814 1325 'praeter
845 1230 883 1307 S.
895 1232 1083 1331 ,Augusti-

133 1375 152 1411 ,,
168 1351 277 1414 num,
300 1325 369 1424 qul
385 1333 545 1422 ftantum
581 1325 765 1403 indulserit
794 1329 978 1424 ingenio,
1015 1349 1083 1412 aut

132 1479 150 1510 ,,
168 1425 265 1526 cujus
300 1421 423 1500 verbis
447 1446 491 1498 ac
512 1422 602 1498 locis
644 1426 741 1500 male
758 1428 969 1524 'explicatis
995 1488 1005 1518 ,
1042 1434 1082 1508 in

131 1577 149 1608 ,,
166 1549 239 1600 rem
280 1522 385 1599 stram
412 1524 658 1621 opportunius
695 1523 776 1622 quis
803 1527 917 1602 abuti·
937 1529 1080 1626 pellit,
1133 1569 1136 1576 ·

130 1675 148 1706 ,,
209 1623 331 1720 odque
370 1643 425 1724 feo
457 1619 507 1696 ull
558 1645 702 1720 quoque
737 1622 805 1708 lint
842 1624 1080 1712 Calvinistae‘.

129 1775 147 1806 ‚‚
166 1647 339 1798 iiircitum
372 1718 443 1795 fuit
465 1763 482 1805 ·‚
521 1733 564 1795 ut
587 1720 658 1796 sese
692 1719 820 1798 omnes
844 1723 1016 1800 doltrinae
1040 1726 1079 1802 S.

129 1871 148 1904 „
166 1817 354 1918 Augustini
398 1815 598 1912 defensores
648 1811 844 1914 dicerent3
883 1821 930 1896 lic
973 1822 1081 1922 ipsius

130 1920 427 2002 „authoritatem
470 1917 646 1992 doctrinae
699 1917 770 1994 luae
820 1922 974 1996 novitati
1016 1945 1081 2021 pro

129 2069 145 2100 ,,
165 2020 277 2102 velo,
312 2016 517 2091 irretiendis
563 2016 801 2092 imbecillibus
841 2021 973 2095 animis
1016 2044 1081 2120 pro

129 2170 146 2198 .··
164 2119 288 2214 laqueo
316 2116 405 2190 lore.

209 2216 426 2310 „Denique
468 2238 514 2288 ne
546 2214 584 2289 in
614 2215 747 2292 eodem
785 2213 888 2291 simul
927 2219 1082 2295 tradan-

129 2365 146 2396 .,
165 2317 207 2392 do
242 2328 462 2411 argumento
505 2313 626 2411 plures
663 2329 944 2401 concurrerent,
987 2319 1082 2415 capi·

130 2465 147 2496 „
166 2433 200 2490 ta
222 2415 322 2489 inter
346 2411 381 2486 le
407 2411 641 2509 &principia
679 2413 860 2489 Doctrinae
898 2414 970 2489 suae
1001 2438 1082 2515 par·

130 2561 148 2590 ·.
164 2513 217 2587 titi
245 2512 367 2595 linit,
406 2533 560 2621 quorum
595 2510 740 2605 aliquod
781 2511 932 2607 quisque
953 2512 988 2587 se
1015 2514 1083 2589 sta-

128 2593 350 2692 „liiliturum
401 2608 605 2720 lpondebat.
690 2607 816 2702 Atque
865 2610 946 2682 lnec
997 2637 1084 2688 con·

130 2761 147 2788 ι,
166 2712 286 2785 ventio
313 2733 387 2783 non
411 2707 524 2781 lolum
548 2704 703 2805 Jansenii
744 2706 834 2780 libro
872 2706 930 2781 scd
955 2708 993 2785 dc
1018 2713 1084 2787 ali-

130 2809 192 2888 „is
215 2831 334 2883 exea
356 2803 537 2880 occafione
559 2806 598 2879 in
626 2806 745 2880 lucem
772 2805 908 2890 editis,
944 2808 981 2883 in
1005 2812 1084 2907 qui·

129 2957 145 2986 ‚2
165 2909 227 2996 bus
258 2908 305 2981 de
341 2904 507 2979 indicatis
540 2902 698 3000 superius
735 2905 913 3000 capitibus
953 2913 1084 3002 agelra-

130 3056 146 3084 „
166 3023 251 3092 tur,
295 3003 418 3079 anl'rnn
444 3004 597 3100 praebuit
623 3059 633 3086 ‚
680 3004 987 3099 quemadmodum
1020 3007 1084 3080 ‹lo-

129 3155 146 3184 ,,
166 3105 207 3180 t'ti
231 3106 426 3180 advertent
446 3100 560 3186 facile,
583 3101 670 3198 quin
698 3100 833 3176 necclle
851 3100 913 3187 lit,
938 3103 1009 3177 hoc
1031 3104 1085 3179 lo·

129 3253 148 3286 n
165 3229 204 3280 co
230 3201 441 3298 singillatim
465 3201 512 3275 ad
530 3201 723 3296 peculiaria
746 3200 969 3276 descendere.

212 3357 236 3390 ‚,
272 3299 478 3377 Postremus
517 3297 643 3385 liber,
685 3299 747 3396 qui
798 3296 992 3376 secundum
1025 3300 1086 3374 la·

130 3451 149 3484 ,,
168 3415 223 3478 tos
262 3402 301 3476 in
339 3400 412 3474 hoc
449 3396 697 3474 Conciliabulo
736 3398 904 3471 Canoncs
944 3398 1085 3473 Pariliis
1143 3401 1145 3406 '

130 3550 147 3582 .‚
166 3501 322 3599 prodiit,
361 3496 410 3570 est
444 3495 505 3570 ille
528 3496 572 3570 de
598 3497 739 3571 duobus
774 3495 981 3591 capitibu5‚
1022 3522 1085 3594 per·

132 3648 148 3680 η
166 3623 273 3698 quem
307 3595 446 3671 statinn
483 3595 758 3670 llllonarchicum
794 3592 960 3667 Eccleliae
986 3617 1088 3666 ever-

133 3745 150 3778 „
166 3713 238 3774 tere
269 3755 279 3786 ‚
317 3695 506 3791 aliumque
541 3695 586 3768 ab
632 3718 676 3769 eo
719 3693 864 3791 penitus
909 3690 1088 3764 diversum

83 3859 85 3866 ,
135 3843 151 3876 „
168 3796 383 3875 constituere
427 3793 646 3888 cogitabant.
722 3795 841 3878 Quem
888 3804 1012 3864 tamen
1060 3788 1091 3858 i-

82 3949 86 3968 .
136 3897 262 3997 „pium
303 3914 376 4000 per
411 3890 525 3973 alium
562 3892 687 3974 narsus
724 3884 1090 4068 l'criptoreffisdcstru·

828 4043 854 4080 n
897 4012 904 4024 ’
947 3999 1044 4076 enta
