2492 4509
182 577 186 586 ι
336 551 861 742 'mmmmm
910 675 913 688 ·
1023 647 1074 740 0³

167 833 175 856 ⁸
205 883 217 926 ,
239 835 283 918 ἀ
304 833 398 912 locis
420 829 502 912 asiis
512 831 667 934 stragem
679 837 836 920 intoso-
863 837 925 920 Ad
937 865 1069 934 manus

194 951 210 1014 t
233 947 476 1032 argmenta,
508 953 593 1032 quae
616 935 772 1034 epistolae
806 937 1070 1036 subministrant

148 1037 179 1118 rs
196 1034 315 1136 ipsum
327 1031 487 1136 scriptae,
502 1055 576 1108 ema
588 1057 673 1108 cum
684 1036 765 1114 aliis
776 1037 915 1118 ,chartis
929 1095 939 1127 ‚
953 1037 1069 1141 quan-j
1143 1047 1146 1052 '

148 1131 178 1212 so
197 1135 244 1212 ad
269 1154 455 1210 carcerem
472 1131 694 1220 ducebatur,
711 1135 955 1232 interceptae„
986 1131 1069 1226 Asi-

147 1257 198 1334 μ
216 1257 265 1310 ex
295 1233 344 1307 iis
368 1245 538 1328 excerpta
571 1229 746 1340 prodent,
773 1237 961 1332 quousque
983 1261 1068 1337 pro-

147 1331 257 1410 vehere
281 1331 445 1444 potuerit
464 1351 594 1441 pravos
607 1327 725 1442 sensas
741 1332 786 1406 de
797 1335 939 1430 pretio,
956 1350 1066 1437 atque

147 1429 368 1512 rsfirnanone
389 1427 611 1518 abstinennae
636 1453 658 1504 a
680 1431 924 1506 sacramentis.

194 1559 302 1642 Credo
350 1557 469 1634 scribit
489 1555 536 1632 ad
560 1581 645 1634 cum
671 1561 806 1660 1.Ja11.
838 1567 930 1734 roff

147 1653 238 1738 'nia
259 1661 311 1736 de
436 1653 635 1742 ‚Antistita
646 1655 872 1758 Virginuma
920 1659 1068 1738 isrtatio·

147 1780 182 1834 υ
196 1757 378 1853 arctavit)
402 1753 625 1856 abstinentiam
647 1767 904 1835 ocommrrmoue
927 1762 1068 1835 maltam

146 1855 195 1936 ff‘o
212 1859 453 1956 profuturam,
478 1855 592 1948 quibus
613 1855 764 1959 (uofistr'.
799 1871 836 1933 ut
872 1855 931 1932 illo
968 1863 1069 1950 inter·

146 1957 243 2032 strom
300 1955 342 2028 sm
369 1947 520 2050 Epistola
549 1979 591 2028 12
629 1955 709 2054 Jun.
756 1961 848 2054 1634
871 1956 955 2031 dota
983 1953 1068 2033 Ma.

146 2069 188 2128 ter
216 2053 351 2151 Agnes
379 2077 402 2124 a
439 2052 475 2124 S.
504 2047 641 2139 Paulo,
674 2052 826 2130 Amaldi
857 2053 953 2130 soror
985 2056 1066 2130 haec

146 2151 255 2230 tabet:
302 2207 325 2238 ‚‚
349 2145 544 2234 Existimo,
581 2152 632 2224 mi
666 2153 793 2238 Pater,
832 2152 991 2252 personae
1014 2156 1067 2230 illi

147 2305 165 2336 „
181 2255 213 2326 in
240 2251 400 2351 Jubisaeo
424 2271 446 2321 a
470 2249 506 2322 S.
533 2250 798 2326 Communione
821 2251 1068 2328 abstinendum

146 2403 162 2434 „
180 2351 271 2426 esse:
296 2347 448 2424 accedet
471 2348 518 2420 ad
547 2370 651 2435 eam,
690 2349 834 2446 quando
867 2349 995 2426 DEUS
1031 2353 1068 2425 id

146 2501 163 2532 „
178 2451 222 2524 issi
244 2468 314 2550 per
341 2459 379 2518 te
402 2445 625 2518 manifestare
656 2449 819 2522 voluerit.
841 2505 875 2522 ..
897 2505 905 2522 .
960 2449 1069 2526 Vide·

145 2597 161 2634 ,,
179 2563 233 2624 tur
258 2546 356 2622 mihi
380 2543 507 2618 DEUS
526 2544 618 2617 stuic
643 2545 775 2618 animae
789 2545 1016 2633 authorem,
1031 2552 1068 2624 ὅ(

145 2647 351 2746 „inspirare
382 2642 589 2729 consilium,
626 2665 698 2739 quo
734 2642 769 2714 se
806 2657 884 2716 tam
899 2657 1070 2742 prompte

145 2795 162 2828 „
181 2763 252 2822 tuae
280 2741 467 2818 direttioni
492 2740 640 2838 subjicit.
692 2739 843 2815 AEstimo
867 2741 969 2816 iliam
993 2743 1071 2818 feli·

145 2895 160 2927 „
175 2841 375 2938 cissimam,
402 2839 497 2938 quod
509 2842 547 2913 in
562 2855 597 2914 te
611 2839 798 2926 inciderit,
827 2839 865 2915 &
880 2863 939 2914 me
951 2842 1070 2918 adhuc

145 2995 161 3026 η
178 2943 406 3030 sesiciorem3
429 2939 533 3013 video
555 2939 652 3012 enim
673 2961 819 3026 omneS,
846 2939 958 3028 etiam
984 2964 1071 3026 eos,

145 3043 242 3140 ..qui
269 3040 380 3114 rebus
402 3037 532 3110 divinis
555 3037 638 3112 sunt
659 3038 794 3123 dediti,
820 3037 927 3133 longe
953 3035 1078 3112 adhuc

144 3156 218 3224 „ut
241 3137 341 3214 mihi
362 3131 561 3230 significas,
587 3159 609 3216 a
630 3159 716 3210 vera
726 3135 851 3211 semita
863 3151 1035 3212 remotos.
1047 3192 1071 3223 „

144 3235 211 3314 En!
247 3235 465 3312 abstinentia
487 3259 509 3308 a
528 3233 760 3310 sacramentis
785 3233 833 3307 est
866 3235 949 3320 via,
989 3257 1073 3331 quae

144 3337 343 3436 opperiatur
365 3355 445 3409 vero
462 3332 611 3429 lenito,
640 3333 679 3411 δι
702 3335 764 3430 qui
787 3333 856 3407 hac
877 3331 1071 3420 incedunt,

144 3459 208 3513 non
228 3431 433 3532 suspirant,
469 3427 531 3506 nifi
554 3432 779 3508 conscientiae
801 3428 977 3517 arbitros,
1003 3433 1076 3528 qui

144 3555 253 3610 artem
282 3531 460 3706 ffilleant,
494 3553 557 3604 eos
597 3555 620 3607 a
656 3533 975 3618 sacramentorum
1012 3527 1077 3613 usu

144 3649 288 3710 werten
330 3685 340 3706 .

239 3827 385 3906 Eadem
406 3825 622 3904 Monialium
645 3815 917 3904 Piaavtensrum
941 3843 964 3895 a
986 3813 1079 3897 Vifi·

143 3929 284 4008 tatione
306 3925 502 4019 Aratio,
539 3938 761 4030 quantopere
785 3923 847 4002 sibi
870 3917 1081 4108 hrrjusrdppos
1119 4037 1146 4094 Δ

957 1562 1068 1642 Anna
