2492 4509
192 567 195 584 Ι
353 619 597 750 Demflm
631 575 804 722 aas-11..
867 599 883 688 3⁸
998 657 1046 734 ει

222 859 308 925 cato
336 842 551 925 absolveret.
598 845 664 924 sic
695 848 883 932 homnem
902 853 1046 955 obliga,
1152 927 1156 940 ,

249 957 330 1044 ,ut
353 945 476 1022 arcani
512 945 623 1022 fidem
647 946 849 1046 praestaret,
873 951 915 1028 dc
938 952 1043 1032 filen·

155 1049 202 1124 tio
236 1058 442 1145 premeret,
465 1043 578 1142 quod·
597 1045 692 1121 forte
726 1048 863 1145 absque
890 1073 935 1126 ea
958 1054 1043 1150 aliis

155 1141 355 1244 aperuillet.
405 1141 523 1220 Addit
537 1143 748 1232 Prierensrs,
764 1147 1042 1243 Sancyranum‚

152 1267 233 1320 cum
270 1241 363 1319 istm
391 1257 578 1328 narraret,
615 1243 707 1318 adeo
731 1244 771 1318 in
797 1243 925 1321 effusos
949 1249 1045 1325 risus

156 1341 310 1418 lolutum
335 1339 456 1426 nulle,
487 1356 530 1416 ut
552 1365 629 1416 nun
653 1365 738 1417 uam
760 1353 838 1416 tam
858 1344 1040 1426 inunode·

152 1455 248 1517 ratos
268 1461 357 1515 eum
372 1441 568 1516 oaclrinnos
582 1366 733 1525 toliere,
760 1439 880 1520 anille
902 1440 936 1516 se
960 1466 1041 1518 me-

152 1537 339 1623 minillet,
375 1562 492 1636 neque
527 1551 698 1635 nepotem
718 1536 799 1635 ejus
827 1537 1039 1628 Barcolrum

149 1637 257 1713 ristun
279 1635 500 1711 continuisse.
514 1689 537 1722 „

196 1735 374 1821 Animae,
398 1755 481 1832 quae
504 1735 550 1809 ab
571 1731 780 1832 hujusmodi
805 1734 1044 1816 ducibusdi·

146 1851 291 1930 untur,
315 1855 365 1908 an
386 1857 461 1908 non
487 1831 626 1908 summa
649 1831 959 1918 commiseratione
984 1838 1041 1914 di-

146 1956 180 2009 m
194 1929 312 2009 sunt?
341 1930 390 2004 Et
404 1945 526 2006 tamen
539 1931 660 2006 Gallia
673 1956 696 2006 a
710 1945 884 2030 tempore,
902 1935 1042 2031 quoin-

146 2034 181 2106 ix
208 2033 272 2106 hic
294 2028 397 2103 seeae
418 2028 702 2126 Antefignanun
730 2033 787 2106 cui
812 2031 1037 2114 lric..larvam

146 2133 278 2214 tralro,
310 2141 421 2224 caput
457 2130 609 2214 extulit,
649 2128 827 2226 ejusmodi
856 2131 1039 2206 diretlori-

146 2254 165 2303 s
193 2227 334 2303 referta
364 2225 425 2299 eli.
499 2227 648 2301 Utinam
676 2228 799 2302 fideles
824 2229 863 2302 id
886 2230 1036 2305 tandem

146 2327 359 2411 noscerent,
385 2324 510 2399 &fibi
536 2348 665 2424 cavere
690 2327 889 2424 inciperent
909 2329 959 2401 ab
980 2328 1037 2413 iis,

146 2429 160 2498 i
192 2427 329 2500 eodem
362 2446 450 2497 cum
489 2425 699 2518 Sancyrano
736 2423 859 2519 spiritu
896 2425 1038 2501 anima'-

146 2581 149 2602 .
177 2524 314 2600 eadem
340 2543 424 2594 cum
461 2545 504 2594 eo
529 2520 717 2594 severitate
740 2523 967 2615 gloriantur,
993 2523 1037 2599 dc

146 2647 169 2698 n
190 2623 315 2703 secus,
340 2643 385 2693 ac
397 2619 456 2693 ille
470 2621 615 2694 animas
641 2619 779 2692 ducunt
794 2619 842 2691 ad
858 2617 1037 2697 summam

146 2743 240 2796 »nun
266 2717 455 2792 licentiam
480 2773 489 2804 ,
526 2718 576 2791 ad
600 2716 876 2791 obdurationem
899 2717 1039 2805 animi,

146 2821 154 2894 Ι
180 2817 495 2915 desperationem,
521 2840 564 2890 ac
592 2815 745 2911 denique
769 2814 816 2889 ad
836 2815 958 2890 omnis
980 2838 1040 2890 re-

146 2920 241 2994 ionis
280 2927 556 3012 contemptum,
587 2914 695 3010 idque
725 2936 776 2987 ex
806 2912 966 2997 inlrdiis.
999 2914 1040 2988 δι

146 3041 173 3090 u
204 3014 361 3098 callide,
387 3013 427 3088 dr
448 3014 612 3097 occulte,
636 3025 679 3085 ut
701 3013 801 3094 raiae
822 3010 958 3105 nomrisr
983 3011 1042 3082 ni·

146 3114 273 3189 ssero
299 3111 519 3186 advertatur.
570 3111 645 3185 Sed
669 3108 838 3184 ludamus
860 3133 929 3194 ea,
956 3128 1040 3203 quae

153 3209 362 3306 Sancyrani
382 3209 580 3284 doctrinam
594 3209 640 3282 de
659 3208 895 3284 sacramento
919 3205 1040 3280 Poeni-

146 3313 223 3387 rtiae
240 3307 447 3406 pertinent;
480 3307 564 3382 latis
589 3307 722 3393 exiis,
747 3304 916 3402 quaejam
929 3325 1043 3399 expo-

146 3411 257 3493 lmus,
283 3403 445 3490 constat,
470 3429 540 3502 qua
553 3407 614 3480 ille
631 3418 710 3479 toto
734 3405 821 3477 vitae
846 3401 919 3475 suae
947 3415 1044 3475 tem·

146 3529 184 3580 re
220 3503 339 3580 animi
364 3505 635 3600 comparatione
664 3501 774 3577 suerit
795 3551 808 3588 -,
846 3514 889 3575 ut
914 3498 1044 3574 Sacra'·

146 3607 214 3680 enti
239 3601 351 3699 nujus
378 3599 481 3678 usum
502 3603 677 3680 aboleret.

198 3791 305 3873 Falla
328 3797 500 3896 dogmata
521 3800 786 3898 margumente
809 3793 855 3871 de
880 3793 918 3871 S.
932 3791 1045 3867 Com·

146 3896 308 3984 mione,
345 3899 431 3996 quin
463 3901 539 3978 imo
562 3900 602 3976 in
636 3898 739 3976 omni
787 3919 855 3982 eo,
882 3889 978 3989 quod
1000 3883 1048 3960 ad

535 3996 599 4106 F!
653 4021 655 4026 ·
707 4087 710 4096 Ι
860 3986 1011 4072 Eucha-
