2492 4509
366 665 503 764 1'32
601 617 631 628 ⁸
717 670 989 751 Veritas
1035 667 1307 771 confini
1336 666 1763 768 Bargose-ee
1786 627 1943 748 mm
2102 623 2107 634 ’

366 889 454 967 fit
509 889 599 963 de
637 886 1070 986 pertinacia,
1125 909 1268 985 qua
1312 884 1631 984 Magistri
1706 883 1813 962 sui
1862 885 2194 962 -erroribu

356 985 619 1065 affixus
668 986 1039 1062 haereba't:
1090 1011 1237 1070 non
1286 1001 1459 1062 ante
1506 983 1915 1086 scribendi,
2018 1009 2194 1086 quai

357 1085 650 1161 vivendi
697 1083 920 1159 finem
969 1085 1183 1160 fecit:
1232 1085 1328 1160 ad
1372 1084 1632 1160 ultima
1676 1106 1912 1182 usque
1941 1082 2094 1158 fere
2144 1109 2191 1159 v

356 1199 460 1262 tae
499 1199 872 1259 momenta
920 1199 1171 1259 contra
1221 1183 1608 1260 veritatem
1657 1183 1905 1262 animo
1968 1185 2194 1282 pug'nz

353 1283 466 1358 vit
512 1281 590 1358 &
630 1281 849 1378 stylo,
953 1296 1036 1357 ut
1067 1282 1487 1379 ¹Sancyrani
1536 1297 1782 1379 partes
1837 1281 1913 1358 &
1962 1281 2194 1366 consili

352 1383 434 1457 in
481 1380 935 1484 perducendo
987 1379 1081 1456 ad
1120 1383 1355 1458 imum
1404 1378 1783 1477 systemate
1837 1379 2193 1477 Burgofor

360 1493 536 1556 tano
631 1478 1067 1554 sustentaret.
1227 1479 1431 1554 Idem
1474 1477 1646 1554 huic
1688 1476 1961 1554 Abbati
2050 1477 2194 1554 fuiss

358 1577 772 1655 Amaldum
839 1578 1108 1651 dixeris
1137 1634 1156 1664 ,
1260 1577 1452 1675 quod
1540 1576 2015 1653 Malanchton
2096 1593 2194 1652 e'rz

356 1677 682 1752 Luthero
712 1731 731 1761 ,
831 1674 909 1750 &
958 1675 1158 1751 Beza
1208 1676 1515 1751 Calvino
1542 1731 1562 1763 ,
1659 1690 1745 1751 ut
1794 1675 2130 1774 religioni
2172 1675 2194 1750 i

358 1776 598 1850 Gallia
646 1771 724 1849 &
775 1773 1165 1850 Germania
1215 1774 1614 1849 immanem
1681 1773 2089 1850 vastitatem
2139 1774 2194 1850 ir

323 1873 650 1950 ‘ferrent
756 1872 943 1947 Haec
990 1886 1240 1950 autem
1284 1871 1692 1968 Sancyrani
1739 1895 1909 1948 cum
1960 1871 2194 1950 duobu

355 1973 476 2047 his
519 1968 1009 2045 haeresiarchis
1061 1972 1507 2070 comparatio
1552 1995 1698 2046 non
1750 1969 1849 2045 est
1876 2027 1896 2059 ,
1966 1995 2096 2047 cur
2146 1998 2193 2048 o

363 2069 615 2145 sentiat
667 2093 1147 2181 quemqua1u3
1203 2095 1388 2181 113Πῖ
1424 2068 1816 2145 meministi?
1844 2069 2020 2181 veli-t
2056 2129 2072 2153 ,
2128 2093 2192 2185 qi

370 2201 503 2241 1,
615 2189 734 2241 ,··,1
895 2201 1007 2241 ιιι
1087 2201 1113 2216 ¹>
1201 2201 1220 2241 ι
1313 2197 1316 2200 Ὗ
1471 2201 1556 2241 ,ιι
1666 2193 1801 2237 ,Γ
1948 2177 2012 2241 Ι·
