2492 4509
350 678 493 750 292
707 647 974 728 Veritas
1013 644 1281 750 Confilii
1300 643 1725 748 Bargose-te
1764 643 1921 725 hm
1972 737 1981 752 ..

183 865 204 908 ³
362 890 444 943 re
463 859 692 963 ,poffit
737 861 1104 937 Diaconus
1123 860 1165 935 ‘2
1211 860 1372 937 Viri
1388 883 1560 958 ergo
1600 860 1909 946 studium
1942 861 2068 938 infl

365 977 525 1041 mat
573 958 691 1057 (g)
740 1014 784 1046 „
821 958 1252 1057 perniciosus
1325 984 1486 1035 mos
1559 959 2009 1037 Direstomm

371 1117 415 1150 „
468 1080 719 1136 corum
753 1112 772 1143 ,
824 1057 901 1133 δε
949 1059 1327 1144 mollium‚·
1420 1058 1495 1133 ui
1544 1073 1698 1134 tam
1750 1057 2002 1145 facile,
2057 1090 2068 1130 ι

373 1215 418 1248 ,,
469 1159 940 1235 Sacramenta
987 1156 1219 1231 nostra
1265 1179 1393 1254 pro
1420 1179 1639 1231 anare
1692 1155 1816 1232 fibi
1903 1157 2068 1254 relig

315 1283 323 1302 ¹
371 1313 420 1347 ‚‚
469 1258 741 1333 ducant
774 1309 793 1343 ,
831 1256 1163 1329 omnibus
1193 1311 1211 1342 ,
1246 1255 1371 1351 qui
1418 1256 1511 1334 ad
1548 1251 1669 1344 sua
1694 1254 2068 1332 tribunalia

370 1411 420 1445 ,‚
469 1354 736 1429 cedunt
764 1408 783 1440 ,
837 1351 1352 1428 absolutionem
1393 1351 1923 1449 impertiuntur.
1952 1409 1997 1441 „

360 1477 534 1530 -rem
575 1452 770 1527 hunc
854 1452 1148 1524 omnino
1220 1449 1691 1548 perniciosum
1764 1450 1899 1525 effe
1923 1507 1944 1538 ,
2015 1452 2068 1526 d

371 1565 609 1629 vacat.
715 1548 824 1623 At
872 1550 1156 1646 quando
1219 1547 1534 1624 doekrina
1601 1549 1884 1624 Calvini
1931 1574 2068 1626 voc

373 1652 453 1728 in
500 1646 871 1725 subsidium
897 1704 915 1733 ,
965 1662 1049 1723 ut
1096 1646 1199 1721 illi
1243 1647 1515 1723 bellum
1544 1646 1914 1734 inferatur,
1940 1671 2062 1722 res

374 1751 469 1824 1'1e
516 1746 658 1822 alio
703 1743 963 1842 speciae
992 1802 1011 1832 ,
1054 1769 1274 1842 quam
1320 1761 1407 1820 ut
1450 1745 1540 1821 de
1584 1744 1729 1822 solo
1768 1745 2068 1838 tollendt

373 1844 504 1923 usu
547 1844 906 1920 laboretur
943 1869 960 1917 :
1007 1844 1205 1939 at‘qui
1251 1843 1440 1920 hanc
1502 1843 1794 1919 -Calvini
1838 1845 2063 1934 defieri

369 1946 451 2020 in
491 1965 648 2017 rem
694 1938 890 2018 suam
912 1942 1131 2016 vertit
1164 1942 1530 2017 Diaconus
1559 1997 1577 2028 ,
1627 1940 1704 2018 &
1728 1942 1904 2020 dum
1928 1944 2068 2041 prix

372 2042 495 2134 dia
543 2062 865 2116 errorum
912 2037 1199 2118 suorum
1238 2038 1441 2115 ducit
1478 2063 1524 2115 a
1576 2042 2068 2117 coacervandis
