2492 4509
414 697 508 804 84
720 678 985 759 Veritas
1027 678 1289 783 consth‘ae‘
1324 676 1743 778 Burgosom
1788 673 1949 756 inm
2016 759 2021 766 ,

409 898 552 973 suit
580 951 598 982 ,
643 909 730 971 ut
775 896 852 970 Ρ.
903 894 1244 971 Petavius
1289 892 1406 993 (p)
1450 894 1851 970 luculenter
1890 891 2223 990 probavit
2244 935 2285 982 ,-

415 997 494 1071 &
539 997 768 1070 bonus
821 995 1112 1090 quidam
1157 993 1534 1092 Jansenista
1581 1048 1599 1076 ,
1678 995 1796 1065 cui
1872 992 2275 1090 periculum

421 1092 724 1168 carceris
759 1092 833 1165 in
869 1091 1170 1166 Castello
1215 1093 1291 1167 S.
1334 1089 1599 1186 Angeli
1636 1089 1978 1164 subeundi
2002 1145 2023 1176 ,
2076 1091 2275 1190 quod

413 1193 506 1264 ob
555 1188 819 1287 sparsos
866 1190 1122 1264 Romae
1171 1211 1446 1264 errores
1512 1187 1614 1262 illi
1664 1187 2119 1276 imminebat,
2168 1189 2275 1265 sa·-

257 1297 262 1308 '
413 1290 512 1362 tis
549 1289 822 1363 celebre
870 1311 1134 1362 nomen
1170 1287 1341 1362 fecit
1362 1341 1379 1372 ‚
1432 1285 1575 1384 ipse
1597 1285 1672 1372 in
1700 1286 1934 1360 amico
1962 1285 2088 1362 suo
2124 1286 2275 1364 Ar·-

407 1387 626 1462 naldo
693 1386 1150 1484 reprehendit
1195 1443 1212 1468 ‚
1265 1387 1440 1460 dum
1486 1381 1611 1482 ipsl
1670 1381 1824 1482 (q)
1869 1386 2277 1480 genuinum

408 1483 626 1584 hujus
653 1485 727 1557 in
753 1487 826 1560 S.
857 1480 1193 1579 Dionysio
1244 1483 1383 1558 loci
1435 1482 1706 1556 sensum
1742 1484 2076 1570 exhibet,
2126 1497 2273 1582 quo

411 1582 778 1658 Arnaldus
807 1583 1004 1656 haud
1038 1582 1267 1667 secuS,
1315 1605 1400 1656 ac
1444 1581 1776 1676 magister
1800 1580 1964 1655 suus
1989 1581 2273 1680 Sancy-

415 1705 673 1764 ranus,
725 1681 980 1755 abusus
1029 1681 1282 1755 suerat.
1362 1679 1509 1754 Sed
1555 1679 1813 1753 redibit
1844 1678 2101 1777 saepius
2148 1705 2273 1756 oc-

413 1779 594 1854 cafio
657 1779 988 1852 lettorem
1037 1778 1469 1853 admonendi
1528 1829 1547 1864 ,
1618 1779 2127 1873 Sancyranum
2188 1777 2273 1866 ὃς

409 1877 624 1974 ipfius
666 1875 1038 1974 discipulos
1073 1891 1557 1975 opportunum
1596 1875 1720 1950 fibi
1766 1875 1962 1950 hunc
1987 1899 2271 1952 morem

408 1975 500 2050 ab
538 1975 898 2050 haereticis
951 1991 1291 2050 mutuum
1322 1974 1657 2072 accepiffe
1685 2030 1703 2061 ,
1743 1990 1829 2049 ut
1873 1974 2273 2050 doftrinam

407 2071 609 2148 suam
655 2075 794 2148 hoc
849 2074 1075 2148 fulcro
1131 2071 1535 2148 suffulciant
1575 2127 1594 2160 ,
1662 2073 1854 2170 quod
1907 2096 2071 2147 eam
2120 2075 2273 2150 cui-
