2492 4509
218 144 2150 478 -

357 699 512 786 14⁸
575 683 580 688 ·
715 678 984 761 Veritas
1030 680 1292 785 confine
1326 679 1749 784 Bargofom
1772 639 1985 763 5521·-

515 901 754 986 Quam
769 909 1018 974 autem
1033 897 1557 988 conclusionem
1570 897 1733 976 vult
1747 899 2150 997 Sancyram

364 1015 452 1077 ut
495 1023 589 1071 ex
643 998 774 1082 iis,
827 1019 990 1094 quae
1047 998 1391 1075 hastenu's
1444 999 1521 1073 in
1568 999 1891 1074 medium
1930 1000 2150 1074 attuli

362 1098 636 1174 faciant
685 1095 933 1168 fideles
958 1095 999 1169 ‘2
1050 1097 1158 1170 Ea
1192 1094 1263 1169 se
1312 1096 1505 1173 ultro
1530 1093 1745 1173 offert
1794 1096 1910 1171 vel
1950 1097 2146 1172 invit

359 1197 551 1272 Cum
593 1192 922 1291 Religion
955 1195 1032 1268 in
1078 1194 1488 1288 universum
1534 1195 1628 1270 ad
1659 1194 2061 1270 sunffiones
2092 1193 2150 1269 E

361 1294 773 1370 cleliasticas
841 1294 992 1406 apti
1050 1318 1198 1367 non
1245 1291 1425 1379 fiat,
1477 1273 1555 1370 &
1602 1292 2082 1389 Evangeljum
2143 1324 2150 1366 ι

357 1393 753 1468 doctrinam
809 1389 992 1489 Jhsu
1041 1390 1296 1466 Christi
1358 1393 1695 1488 ignorent
1738 1443 1759 1478 ‚
1824 1391 2150 1468 cavenda

363 1492 593 1568 cuivis
623 1490 765 1575 est,
818 1513 911 1563 ne
960 1487 1028 1562 se
1080 1509 1334 1564 eorum
1374 1488 1743 1565 'direk'tioni
1786 1491 2150 1566 cummim

359 1591 577 1680 Quod
619 1589 713 1664 ad
756 1586 1056 1685 Jesuitas
1133 1589 1566 1662 nominatim
1642 1589 1956 1686 pertinet
1982 1605 2017 1674 ‚'
2056 1611 2150 1664 nu

355 1689 523 1787 ipfis
626 1686 1036 1761 instituendi
1135 1686 1512 1762 tradantur
1546 1733 1551 1738 -
1599 1685 2088 1762 adolescentes

355 1787 615 1870 liberi,
667 1786 1008 1882 quoniam
1055 1808 1146 1856 ex
1198 1806 1453 1858 eorum
1519 1783 1881 1884 disciplina
1932 1811 2078 1860 non
2126 1811 2150 1860 1

356 1885 411 1961 ss
483 1889 862 1982 ignorantes
912 1937 933 1969 ,
1037 1882 1120 1957 65
1188 1885 1424 1980 pravis
1527 1884 1815 1958 moribus
1891 1885 2150 1980 inquiat

350 1982 676 2084 prodeunt
709 2008 734 2057 ε
777 2006 994 2056 nemo
1047 1982 1122 2055 in
1171 1982 1388 2057 rebus
1437 1981 1704 2057 ani'mae
1755 2004 2011 2056 eorum
2070 1997 2150 2058 ut

357 2098 479 2160 tur
521 2081 901 2158 direttione
930 2136 948 2164 ,
998 2104 1084 2153 ac
1120 2079 1425 2155 consiliis
1454 2131 1474 2166 ‚
1542 2105 1710 2156 cum
1766 2079 1903 2154 fint
1940 2080 2034 2154 ad
2088 2081 2150 2157 sc
