2492 4509
349 657 602 766 Demonfirm,
655 664 803 754 Paris.
858 747 863 768 ,
920 671 929 688 ‘
1018 699 1066 773 ¹9

122 865 250 964 qudem
285 861 433 940 summo
459 861 610 939 horrore
635 866 854 965 corripitur,
882 891 952 946 nec
976 893 1060 951 eam

121 965 152 1038 iii
189 965 360 1040 animum
395 963 656 1060 cogitationem
691 967 885 1043 admittere
922 971 1057 1061 audet,

85 1109 87 1134 .
121 1063 174 1138 eise
208 1081 292 1138 tarn
326 1085 440 1162 prava
477 1061 699 1151 voluntate,
737 1079 848 1164 atque
884 1083 1057 1166 corrupto

85 1161 88 1238 :
120 1163 289 1237 intellectu
341 1161 545 1248 homines,
587 1163 649 1258 qui
688 1161 759 1244 sibi¹
786 1163 1055 1262 persuademit,

85 1283 87 1294 ·
122 1263 321 1358 religionem
356 1259 596 1335 Christianam
634 1259 722 1348 esse,
745 1263 919 1357 suasam,
945 1265 1056 1340 liisto·

122 1361 193 1434 iiiiii
224 1362 274 1435 de
300 1359 555 1436 incarnatione
588 1358 657 1434 else
696 1362 943 1459 apocryphm,
981 1363 1056 1437 De·

120 1465 219 1554 iim
242 1456 316 1534 esse
339 1457 454 1535 solam
490 1458 703 1554 religionem
717 1483 860 1553 vei·am;
887 1483 931 1534 ac
956 1460 1062 1570 quod,

119 1579 155 1632 ei
173 1581 216 1636 eo
243 1553 502 1654 consequitur,
536 1555 723 1632 consilium
746 1581 787 1632 ce
812 1558 925 1645 erint,
958 1559 1055 1656 Jalto

118 1655 205 1756 supra
237 1657 388 1732 ruinam
423 1653 606 1750 religionis
647 1655 738 1753 Jlisu
804 1655 902 1732 liristi
924 1654 1056 1732 funda⁴

116 1775 227 1834 uento
254 1752 444 1830 Deismum
476 1752 711 1830 construendi.
764 1753 908 1830 Crescet
931 1754 977 1835 id¹
993 1761 1056 1830 co'⁴
1149 1800 1152 1808 ·

116 1855 241 1950 gimudi
266 1846 463 1930 difficultas
486 1873 532 1924 ex
558 1876 626 1939 eo,
650 1853 747 1963 quod
771 1852 819 1930 ad
843 1853 1055 1951 hocusque

116 1969 249 2053 tenipus
284 1947 565 2037 Haeresiarcliae,
612 1952 817 2047 cujusmodi
841 1966 946 2028 erant
969 1952 1055 2027 Cal·

116 2053 205 2128 rinus
243 2075 289 2126 ac
329 2049 512 2125 Lutherus
544 2103 553 2136 ,
593 2049 706 2147 reipsa
741 2049 887 2148 quidem
921 2050 1054 2126 statue·

115 2154 174 2226 rint
194 2150 399 2250 principia,
428 2169 508 2246 quae
532 2149 580 2223 ad
610 2149 782 2244 Heismum
812 2150 973 2237 ducunt,
1014 2149 1054 2226 δι

114 2249 236 2354 sler'flas
285 2249 455 2332 saciant,
509 2249 653 2322 veritati
700 2263 823 2322 tainen
868 2249 1054 2343 religionis

116 2349 349 2431 emilianae,
387 2343 536 2442 ejusque
580 2346 818 2421 fundamento
865 2368 1055 2442 nunquam

116 2447 275 2544 refragati
307 2445 454 2519 fuerint.
507 2443 615 2518 Certe
654 2470 840 2542 nunquam
875 2446 927 2518 illi
960 2443 1054 2517 dire·

116 2545 159 2619 ite
189 2549 226 2621 iil
250 2543 479 2643 spectabant,
519 2556 561 2616 ut
597 2541 765 2636 Dersmum
788 2545 827 2616 iii
860 2565 971 2638 regna
1011 2566 1056 2617 ac

116 2647 309 2740 provincias
345 2643 569 2715 inveherent.
622 2637 678 2715 At
718 2642 787 2714 lioc
825 2639 905 2713 loco
932 2641 1056 2717 omnia

118 2743 245 2818 tonsilia
286 2739 507 2814 ‹iirertiilime
544 2739 582 2814 lit
607 2741 715 2813 unice
748 2763 792 2813 eo
826 2737 1054 2829 reseruntur,

118 2861 150 2916 ut
169 2842 332 2918 iiiuiidus
358 2839 501 2912 Deismo
524 2838 715 2913 inficiatur.
768 2839 862 2913 Haec
896 2838 1053 2933 legenti,

117 2935 185 3015 sine
204 2953 380 3040 portento
406 2935 555 3022 similia,
599 2962 709 3034 arque
743 2953 891 3011 omiiein
924 2939 1057 3010 liuma-

119 3061 190 3114 ram
226 3039 343 3113 sidem
387 3033 550 3133 superare
598 3039 778 3110 videntur.
851 3035 988 3111 Veruin
1030 3032 1057 3108 si

120 3133 295 3214 leriionem
324 3135 573 3232 prosequatur,
601 3158 754 3231 eamque
771 3135 815 3208 ad
839 3133 950 3206 sinem
976 3155 1056 3230 per-

120 3235 244 3323 ducat,
285 3235 402 3310 animi
434 3232 480 3306 lic
516 3235 718 3330 comparati
744 3234 933 3307 horrorem
958 3230 1057 3303 exci-

122 3339 182 3430 piet
205 3335 360 3432 grandis
396 3332 606 3416 admiratio,
646 3355 730 3406 cuin
754 3331 879 3416 videt,
922 3329 1058 3403 Narra-

125 3433 216 3510 timis
250 3433 421 3532 juridicae
461 3429 670 3526 scriptorem
711 3446 797 3503 ante
833 3440 982 3501 centum
1018 3427 1058 3503 δε

126 3537 267 3632 implius
293 3551 412 3608 annos
438 3553 481 3603 ea
517 3529 640 3604 ormiia
662 3527 740 3626 jam
779 3524 991 3620 consignasse
1015 3525 1059 3598 li-

128 3637 218 3718 rens,
259 3651 491 3738 qiraecuiique
514 3628 558 3701 ab
598 3651 642 3702 eo
679 3642 842 3724 tempore
877 3624 923 3699 ad
965 3643 1060 3720 prae·

85 3763 87 3772 >
128 3725 329 3831 sensusque
358 3725 564 3826 janienistae
601 3741 729 3800 contra
764 3721 959 3798 Ecclesiam
981 3744 1061 3793 rna·

85 3829 88 3866 '
130 3827 265 3918 dinan,
298 3829 341 3906 δι
369 3847 481 3920 agere
504 3822 577 3899 ausi
602 3823 709 3913 sunt,
741 3837 780 3898 at
804 3845 850 3897 ue
878 3822 916 3894 in
939 3842 984 3892 ea
1007 3819 1062 3888 ita

85 3937 90 3969 ¹
130 3927 316 4010 limmata
343 3945 506 4028 quaeque
533 3922 709 4097 {dium
745 3922 770 3997 d
805 3915 977 4003 cenum,
1018 3925 1064 3991 ut

581 4045 608 4098 2
951 4039 1014 4099 Ie·
