2492 4509
1946 447 1965 460 Ι

245 539 252 544 1
365 614 507 687 208
570 691 574 696 ⁴
661 595 932 678 Veritas
990 596 1262 704 Constlae'z'
1306 593 1729 697 Burgosoute
1758 598 1937 684 inm

364 864 413 902 ‚,
461 813 690 910 fignat
737 810 932 887 dierri
978 810 1345 889 Paschatis
1388 836 1409 886 τ
1483 835 1612 912 pro
1672 809 1909 912 priosse
1948 839 2038 893 nu

362 962 415 1000 „
464 927 741 987 certum
789 912 982 985 diem
1037 911 1401 988 constituit
1424 967 1442 999 ‚
1492 910 1610 986 sed
1644 913 2038 1010 relinquit]

364 1063 413 1100 „
462 1012 596 1086 tati
647 1010 970 1084 fidelium
995 1066 1014 1095 ,
1063 1024 1149 1085 ut
1211 1011 1404 1085 diem
1432 1009 1511 1086 δε
1543 1026 1831 1109 tempus
1864 1035 1995 1124 pro

360 1159 410 1198 „
463 1111 602 1184 trio
641 1107 764 1184 fibi
799 1107 922 1184 suo
965 1109 1286 1221 deligaqt
1332 1149 1365 1166 -
1405 1151 1437 1166 -
1484 1151 1521 1166 -
1584 1109 1773 1183 Haec
1824 1109 2038 1187 dlffer.

357 1258 409 1395 :2
777 1229 1263 1392 “ms
1280 1205 2038 1402 {bam

356 1455 408 1495 „
449 1403 683 1480 solum
740 1416 929 1478 mter
977 1402 1046 1476 se
1105 1402 1483 1480 dlstmxffle
1533 1416 1859 1501 tempora
1891 1461 1911 1493 ,
1962 1433 2038 1506 qt

355 1556 404 1594 „
453 1501 851 1602 injunstum
899 1502 990 1576 ab
1021 1559 1028 1568 .
1056 1517 1364 1600 utroque
1426 1503 1576 1578 ‘hoc
1642 1519 2004 1602 praecepto

356 1656 404 1692 „
457 1603 651 1677 cium
693 1599 1139 1697 implendum
1185 1599 1273 1676 fit
1296 1656 1315 1688 ,
1368 1643 1402 1676 -.
1452 1644 1489 1659 -
1530 1615 1615 1676 ut
1662 1598 1967 1698 spatium
2019 1632 2038 1680 ‹

354 1751 410 1787 „
455 1700 783 1775 fidelibus
809 1753 830 1785 ,
874 1697 1024 1796 post
1073 1721 1244 1774 uam
1270 1697 1382 1774 .de
1418 1697 1565 1774 suis
1613 1698 1682 1772 se
1731 1702 1943 1776 noxis
2003 1729 2038 1779 a

355 1851 404 1887 „
453 1797 704 1872 saffent
756 1852 775 1884 ,
855 1811 1006 1872 tam
1057 1821 1134 1872 ω
1173 1851 1228 1883 ,,
1269 1798 1611 1894 quamdiu
1668 1799 1988 1888 vellent,

354 1951 404 1988 „
449 1917 640 1972 anno
677 1896 943 1990 agendi
1015 1895 1517 1992 poenitentiam
1545 1952 1564 1982 ,
1607 1896 1777 1993 quin
1836 1913 2038 1976 tenea

353 2051 400 2085 „
447 1997 524 2070 S.
569 1992 1426 2078 Connnu11i0nem2obire
1451 2050 1470 2081 ,
1519 1994 1638 2069 sed
1670 2019 1867 2083 eam,
1920 2014 2007 2074 ut

355 2149 399 2181 ,,
451 2095 511 2205 r}
539 2104 895 2203 prqeqeptn
943 2093 1484 2205 obytzfflnperent,
1532 2095 1624 2169 ad
1672 2095 1864 2169 diffln,
1915 2097 2036 2173 Paff
