2492 4509
136 154 884 509 ‚a

280 483 530 652 Des-nstrata.
563 551 656 634 Pars
680 555 714 642 I,
756 523 765 594 .'
849 645 851 650 ¹

182 705 192 742 i
433 723 439 734 .

136 829 137 846 ,
160 767 209 850 est
232 767 298 844 illa
321 767 369 840 de
389 765 526 876 auplici
548 765 609 854 A,
635 771 862 852 conabuntur
885 777 950 876 prii

136 889 152 944 o
188 883 302 966 caput
337 865 446 964 hujus
483 865 611 942 cauffae
635 869 748 944 oculis
776 869 960 954 subducere

136 985 261 1050 autem
287 965 379 1048 iliud
401 989 474 1039 non
498 965 534 1038 in
560 989 604 1041 eo
628 965 804 1068 positum,
829 995 918 1052 num
942 975 965 1050 h

136 1068 168 1142 ni
196 1063 476 1160 Burgoi'ontana
502 1066 754 1146 conventiculo
775 1069 975 1168 adfuerint,

141 1165 269 1250 oilli,
297 1162 359 1260 qui
395 1160 618 1249 adfuerunt,
660 1179 787 1240 contra
824 1167 981 1246 nostram

136 1289 188 1339 nn
214 1261 444 1356 Religionem
475 1257 659 1340 consilium
693 1263 782 1339 illud
808 1264 977 1354 inierint,

153 1364 191 1436 in
213 1385 260 1436 eo
280 1357 417 1440 inivisse
429 1357 650 1438 accusantur.

136 1462 264 1556 itaque
290 1458 458 1534 noverint
481 1457 708 1554 Janli‘nistae,
740 1457 885 1538 seame
898 1462 978 1552 rite,

136 1586 139 1634 :
166 1583 303 1654 aeqrro,
329 1579 372 1630 ac
398 1556 491 1630 bono
527 1556 736 1641 admoneri,
764 1561 861 1657 quod
877 1561 982 1662 lystr-

136 1658 412 1754 fnrgosontanum
438 1652 546 1752 reipsa
574 1654 699 1734 thema
727 1656 816 1730 iliud
840 1657 906 1744 fit,
935 1659 981 1734 de

136 1778 242 1852 agere
278 1751 454 1832 constitui,
530 1753 613 1827 Hoc
637 1757 773 1853 ,systema
797 1753 981 1854 subjiciam

136 1879 184 1931 ετ
226 1850 338 1955 hujus
366 1849 552 1952 systemata
589 1853 785 1934 veritatem
827 1855 980 1930 demon·

136 1981 142 2032 t
169 1952 319 2028 animus
346 1945 404 2022 est.
453 1947 594 2024 Abdico
616 1963 758 2038 autem,
785 1950 808 2025 fr
835 1953 982 2050 quidem

136 2065 257 2134 etant,
294 2051 414 2123 onmia
438 2063 677 2142 argumenta,
704 2073 785 2146 quae
809 2051 983 2128 hanenus

139 2153 196 2240 ui;
225 2146 431 2246 acquiesco,
458 2171 570 2242 eaque
608 2169 672 2244 pro
703 2149 834 2224 nullius
861 2150 981 2234 fidei,

171 2245 415 2322 instruendam
439 2246 616 2319 duntaxat
643 2246 860 2322 calumniam
895 2273 982 2322 con·

154 2346 282 2422 haberi
305 2343 401 2428 snio,
425 2367 488 2440 pro
513 2345 641 2438 quibus
655 2369 676 2417 a
691 2361 838 2420 centum
852 2345 890 2420 ἃ
903 2367 982 2422 am·

161 2445 268 2522 amris
294 2466 421 2517 omnes
445 2439 646 2539 janicnistae
672 2443 797 2516 eadem
823 2444 982 2520 habuere

169 2567 227 2620 us.
317 2541 390 2616 Uni
425 2539 532 2613 unico
556 2555 771 2632 argumento
796 2541 981 2628 inhaereo,

179 2645 213 2728 i,
247 2639 342 2738 quod
367 2638 428 2712 sub
455 2635 546 2734 ipsos
572 2637 683 2710 etiam
709 2635 826 2711 lenius
850 2639 981 2724 cadat,

182 2740 325 2838 quilibet
359 2735 641 2834 comprehendat
676 2735 812 2823 facile,
854 2739 985 2836 cuique

189 2839 285 2938 »poni
308 2834 426 2934 possit;
453 2834 571 2932 estque
595 2831 790 2931 ipl'ahujus
815 2833 984 2932 systema·

198 2937 310 3014 cutio.
384 2935 490 3008 Hanc
514 2949 557 3008 ut
579 2931 844 3020 demonstrem,
869 2934 984 3032 presio

223 3035 409 3131 vestigio,
442 3047 484 3106 ut
519 3054 596 3104 rem
620 3027 758 3117 fatear,
798 3032 985 3108 Narratio·

209 3136 393 3211 'ovianam
430 3129 587 3226 sequar,
620 3127 773 3204 sednon
799 3131 909 3206 aliam
938 3131 986 3208 ob

242 3256 360 3332 qnam
387 3245 429 3303 ut
455 3231 490 3300 in
512 3229 571 3309 iis,
597 3249 679 3323 quae
703 3228 873 3302 milrihoc
898 3256 920 3304 0
947 3253 985 3301 e·

226 3333 318 3410 anda
347 3345 474 3410 erunt,
502 3327 537 3398 in
565 3341 664 3400 certa
688 3327 805 3422 capita
830 3253 983 3422 u'igeiiiS,

232 3435 379 3510 ferrem
392 3450 403 3516 ;
435 3441 608 3498 caeterum
635 3425 753 3498 valeat
780 3425 838 3500 iila
863 3448 984 3501 narra·

240 3561 255 3610 3·
281 3589 293 3618 ‚
324 3539 507 3622 quantum
530 3523 652 3594 ualere
675 3523 796 3619 potest.
849 3523 984 3606 Unde,

247 3657 285 3707 υ
312 3645 414 3720 opus
427 3621 494 3694 hoe.
518 3620 680 3693 refellere
708 3621 887 3712 cogitant,
916 3620 985 3713 ajo,

256 3759 284 3808 ς,
319 3723 367 3798 δι
395 3720 522 3792 laboris
560 3719 736 3816 jaituram
762 3713 987 3800 initur·os,sr

260 3829 301 3904 ‘Ji
335 3817 553 3893 iniirmanda
570 3817 723 3900 sumant,
746 3841 826 3913 qna>
851 3816 920 3986 ii3ve
945 3812 989 3882 de

470 3918 533 4007 Cr
845 3915 938 3989 inr·
