2492 4509
177 688 182 694 ,
310 591 731 700 DmorflruroParsV.
822 619 827 628 ·
920 553 1027 682 ‘m

87 807 242 888 lumniae
264 819 345 884 tum
386 831 410 884 a
450 792 626 886 sententia
674 806 827 908 supremi
865 811 1023 894 Senatui

87 905 340 994 Embanuni,
386 918 466 984 tum
501 905 548 980 ab
579 907 739 1003 ¹ingenuo
761 961 772 996 ,
797 987 799 994 ,
822 909 868 992 ἀ·-
884 911 1035 994 summn'

483 1001 562 1108 (H)
589 1029 610 1102 5
856 1009 860 1020 ’
906 1009 977 1090 side
1070 1053 1072 1057 ·

138 1268 244 1352 troni,
258 1288 368 1363 quam
384 1285 431 1340 ex
442 1265 623 1363 compasso
637 1265 777 1342 &inito
791 1292 875 1346 cum
891 1270 1024 1370 impro-

86 1431 92 1442 .
139 1366 198 1442 bls
223 1363 439 1462 qmbusdam
468 1359 610 1440 consilio
627 1366 801 1462 parabat,
826 1363 1023 1444 smrilitudi-
1098 1418 1102 1424 -

139 1487 228 1539 nem
250 1462 326 1537 veri
339 1457 562 1538 adscisceret:
584 1459 761 1560 Tempore
784 1465 1020 1544 commentitii

86 1609 94 1652 ·.
135 1559 249 1658 nujus
264 1559 313 1634 sui
327 1560 441 1634 morbi
455 1559 562 1634 variis
588 1555 718 1636 securis
748 1561 831 1658 angi
861 1561 1020 1662 praesese-

90 1727 95 1734 .
137 1659 260 1738 rebat:
281 1655 357 1755 jam
373 1656 583 1754 loquebatur
596 1659 642 1734 de
664 1657 963 1738 thesaurotsecum
977 1685 1022 1737 ex

135 1753 477 1836 Hollandiaallato:
500 1753 579 1852 jam
592 1753 755 1834 essraitas
778 1779 879 1834 arcas
892 1759 929 1836 da
943 1758 1023 1835 scri·

134 1855 210 1940 nia,
233 1877 386 1950 eumque
401 1853 483 1928 inde
499 1853 674 1930 sublatum
691 1857 921 1965 querebatur:
942 1857 1019 1955 jam

136 1953 287 2050 rogabat
300 1949 565 2036 Conseslarium,
581 1967 622 2027 ut
651 1951 824 2030 sobcitam
849 1955 944 2031 illius
958 1981 1021 2036 cu·

140 2075 221 2130 ram
232 2064 383 2148 gereret,
406 2073 484 2138 nec,
500 2049 647 2124 alterius
667 2053 823 2128 traderet
845 2054 1021 2138 manibus,

163 2173 249 2226 uam
263 2146 345 2232 suis.
371 2145 550 2243 fiquando
581 2146 626 2222 ab
651 2145 723 2244 ipso
744 2139 953 2260 reposceret]
978 2151 1019 2226 P.

158 2242 301 2334 anlsens
324 2267 388 2344 pro
401 2242 597 2320 officioviri
625 2245 821 2341 prudentis,
844 2246 1022 2322 sermones

85 2415 88 2422 .
166 2369 212 2420 os
232 2343 415 2419 delirantis
441 2342 535 2417 exui
550 2342 665 2416 morbi
679 2342 813 2420 somnia
832 2368 874 2420 ac
890 2347 1024 2422 mentis

139 2442 390 2520 aberrationes
418 2439 484 2513 else
496 2437 669 2526 censebat,
694 2439 732 2518 dt
747 2440 843 2526 hinc,
860 2455 902 2518 ut
912 2444 1027 2526 inani·

135 2545 212 2622 bus
226 2539 284 2615 his
301 2538 397 2615 curis
411 2536 558 2634 agitatae
581 2535 685 2611 salsas
707 2538 751 2613 de
777 2537 939 2616 thesauro
963 2537 1026 2617 suo

134 2640 318 2738 imagines
331 2637 526 2722 eximeret,
549 2659 592 2711 ac
617 2636 887 2733 tranquillatum
906 2639 953 2714 ad
966 2662 1026 2714 co·

134 2737 291 2836 gitanda
309 2751 455 2820 aeterna,
468 2733 783 2831 &componendas
806 2737 937 2813 anirnae
950 2733 1021 2813 suae

92 2841 100 2888 ·'
141 2835 306 2914 rationes
331 2845 538 2916 revocaret,
563 2831 715 2930 speciem
756 2833 938 2932 praebebat
962 2859 1026 2914 an·

141 2933 319 3018 nuentis,
347 2929 647 3008 &consentientis
669 2929 762 3019 iuis,
787 2945 868 3030 quae
889 2935 1027 3030 garrie-

136 3037 232 3118 bat,
257 3046 377 3126 atqueg
390 3030 434 3104 de
448 3027 611 3105 thesauro
640 3027 700 3104 suo
721 3046 859 3106 metum
895 3053 1026 3128 ponere
1081 3096 1084 3102 .

136 3129 368 3208 admonebat.
415 3125 556 3202 ldoneis
591 3126 801 3204 authoribus
839 3129 1027 3224 vulgatum

137 3225 206 3314 est,
230 3252 302 3302 non
339 3224 464 3300 inscios
486 3223 620 3299 fraudis
644 3227 818 3322 quosdam
851 3226 1022 3306 notarios,
1092 3241 1094 3246 ·

137 3346 256 3429 prope
272 3322 403 3399 letium
426 3321 683 3404 commentitiae
698 3321 807 3421 hujus
831 3345 938 3416 aegrae
961 3322 1024 3395 ab·

134 3425 253 3505 ditos,
265 3421 372 3496 verba
386 3421 500 3496 Patris
511 3413 668 3520 janlsens
690 3419 818 3498 litteris
832 3417 1027 3515 commor-

137 3521 191 3608 se,
218 3519 469 3600 utcalumniae.
494 3517 675 3614 quamilla
697 3517 963 3604 meditabatur,
987 3517 1026 3592 in

132 3619 276 3722 judicio
289 3615 464 3692 momenti
475 3615 656 3712 quippiam
669 3613 866 3694 afferrentt
894 3614 968 3691 imo
986 3637 1030 3689 eo
1095 3673 1098 3682 .

141 3715 288 3794 evasisse
299 3713 552 3789 foederatorum
562 3726 671 3810 atque
683 3713 720 3788 in
747 3713 840 3786 idem
854 3712 1034 3810 flagitium

144 3813 424 3914 conspirantium
435 3811 622 3896 malitiam,
647 3827 686 3885 ut
708 3807 926 3890 consciorum
939 3834 1036 3888 unus

146 3915 339 4017 personam
354 3936 397 3987 ac
410 3907 693 4008 vestemJesuitae
706 3911 873 4084 sumen&
897 3934 940 4083 qc
955 3933 1041 3985 con·

863 4017 905 4084 ut
921 4007 996 4084 'ma
