2492 4509
335 673 346 686 “
397 683 504 786 4ϊι·
553 683 566 702 “
732 681 1014 768 νενεω-
1053 645 1323 789 οωψιὲε
1354 677 1775 810 Βιψςοω
1806 677 1980 762 anm

598 901 933 981 Secunda
1008 897 1256 999 itaque
1309 917 1477 1000 pars
1542 901 1829 978 evolvet
1876 915 1963 976 ea
2012 955 2032 987 ,
2112 919 2176 998 qt

345 1001 364 1027 ‘
399 995 653 1078 Abbas
685 998 920 1076 ‘sanffi
965 1001 1240 1114 Cyrani
1299 999 1599 1098 ipsemet
1628 1049 1647 1088 ,
1724 1011 2075 1098 tanquam
2124 1001 2175 1074 d

402 1098 479 1175 &
529 1099 774 1190 anima
820 1097 1086 1174 confihi
1116 1097 1648 1196 Burgofontm'fi
1672 1147 1691 1186 ,
1746 1099 1896 1195 egit
1944 1120 2075 1196 pro
2118 1121 2176 1196 p«

400 1197 731 1272 ducendo
775 1198 869 1273 ad
906 1197 1190 1274 exitum
1237 1196 1305 1271 se
1349 1196 1591 1274 adhuc
1632 1198 1800 1272 vivo
1827 1247 1845 1284 ,
1920 1211 2176 1293 quanti

313 1381 328 1388 ,
400 1296 675 1376 conniti
717 1295 985 1371 vin'bus
1039 1294 1262 1394 posset
1287 1351 1307 1383 ,
1355 1293 1817 1390 abominabili
1876 1292 2019 1370 suo'
2064 1295 2165 1392 syl

397 1403 619 1470 mate.
773 1393 1126 1492 Reliquae'
1176 1409 1419 1492 partes
1474 1393 1839 1500 proferent
1888 1417 1974 1471 ea
2023 1449 2040 1479 ,
2104 1419 2176 1568 ἔῃ

397 1493 594 1568 idem
639 1485 890 1570 Abbas
937 1493 1033 1568 ad
1073 1493 1507 1568 hodiernum
1562 1491 1781 1590 usque
1848 1492 2043 1566 diem
2090 1533 2095 1538 ·
2135 1517 2176 1568 e

361 1619 370 1630 ·
396 1609 527 1690 per
576 1583 737 1667 suos
759 1591 1002 1692 „socios
1024 1599 1068 1678 ‚'
1097 1613 1491 1689 eorumque
1542 1590 1981 1666 successores,

597 1689 845 1766 Tertia
894 1711 1065 1786 ergo
1112 1708 1281 1790 pars
1355 1689 1673 1765 ostendet
1700 1741 1717 1774 ‚
1767 1713 1909 1788 qua
1959 1696 2174 1762 conte

396 1785 596 1864 tione
643 1788 910 1865 Dostor
983 1786 1354 1888 Amaldus
1380 1841 1399 1878 ,
1454 1784 1531 1865 &
1579 1789 1729 1887 post
1780 1812 1948 1863 eum
2020 1785 2176 1859 reli<

394 1883 799 1986 jansenistae
835 1881 1448 1974 adlaboraverint‚
1498 1900 1584 1964 ut
1616 1888 2085 1984 abrogaretur
2110 1897 2176 1958 ut

283 2047 288 2052 .
395 1985 852 2062 Sacramenti
883 1985 1343 2061 Poenitentiae
1373 2044 1390 2073 ‚
1446 1985 1527 2062 &
1569 1987 1818 2061 fideles
1866 1984 2176 2060 frauduk

393 2083 492 2159 tis
516 2083 932 2159 obtentibus
958 2107 1004 2159 a
1027 2081 1210 2182 JEsu
1246 2081 1524 2161 Christo
1560 2086 1637 2160 in
1666 2086 1797 2162 SS.
1835 2082 2175 2159 Eucharii
