2492 4509
85 192 363 446 -
417 192 424 420 Ι

383 453 397 462 ..

164 485 169 496 Γ
427 472 429 476 v
1083 501 1085 506 ι

254 637 257 644 ’
369 629 617 740 Madaro.
644 629 825 732 Pars-'HL
926 747 929 752 Ι
981 663 1099 750 293¹

181 849 252 928 dus
275 867 416 932 errores
439 845 521 923 suos
537 847 725 924 venditare
758 846 915 937 soleant,
951 850 1053 927 Pari'·

161 949 192 1026 '.
215 969 388 1048 quoque,
411 945 473 1059 qui
481 943 556 1118 ‘jus
573 943 647 1119 iqiso
670 945 734 1023 usu
750 947 957 1060 ‘quaesrtum
987 975 1053 1026 na·

85 1071 87 1134 i
120 1047 196 1124 stus
218 1045 269 1124 est
292 1066 419 1121 eorum
442 1067 480 1119 m
495 1043 580 1132 rsten
638 1045 816 1142 vestigiis,
838 1048 884 1122 ad
898 1049 1053 1124 alterum

85 1143 88 1228 J
123 1145 272 1242 gradum
294 1142 449 1242 greffum
484 1157 701 1240 promovet,
747 1144 785 1221 dc
808 1146 911 1219 nobis
935 1148 1054 1223 decla·

125 1257 195 1332 nt,
219 1243 313 1321 adeo
342 1239 485 1317 difficile
507 1254 616 1339 atque
659 1241 840 1318 insolitum
865 1243 958 1330 effe,
984 1247 1051 1321 ho·

85 1339 90 1416 ἓ
118 1343 253 1420 minem
276 1338 399 1416 salutis
422 1339 565 1414 lavacro
576 1340 763 1437 expiatum
779 1342 959 1438 peccando
970 1366 1053 1439 gra-

85 1455 87 1464 '
129 1439 183 1518 tiae
204 1438 379 1516 ‘asturam
401 1436 548 1523 facere,
583 1451 627 1512 ut
659 1437 685 1512 sr
708 1461 766 1513 res
791 1440 1019 1535 contingeret'
1040 1498 1050 1528 ,

85 1551 88 1576 ³
132 1463 317 1614 imdmus
341 1537 503 1649 prodigio
521 1549 674 1612 eventus
699 1536 801 1612 foret.
834 1535 903 1636 ,(ι)
933 1594 955 1623 ,,
979 1537 1053 1613 Ita·
1098 1549 1102 1564 “

85 1659 235 1812 Ἦ
249 1632 703 1831 uruuruuu
716 1631 1053 1832 diii-dm·
1155 1745 1160 1766 .

168 1831 210 1908 ris
226 1831 383 1908 mortuis
407 1830 454 1905 ad
477 1830 613 1923 vitam;
640 1829 678 1907 ἃ
701 1830 789 1905 sicut
806 1853 927 1906 rarum
951 1832 1054 1930 quid·

85 1961 88 2012 ι
134 1982 151 2014 ,,
169 1931 287 2028 piam,
310 1926 579 2027 prodigiosum,
605 1927 644 2003 dr
667 1942 798 2025 praeter
821 1944 961 2006 naturae
991 1953 1051 2005 or·

85 2023 95 2104 i
134 2079 150 2112 „
169 2029 289 2104 dinem
312 2025 388 2112 est,
415 2039 599 2100 mortuum
623 2027 738 2100 redire
763 2028 809 2101 ad
825 2027 973 2113 uitam,
998 2030 1051 2105 ita

85 2139 89 2190 Ρ
133 2179 151 2209 ,,
169 2151 240 2202 non
259 2126 387 2222 minus
412 2146 558 2211 rarum,
578 2124 615 2200 dr
663 2126 734 2199 uod
748 2124 865 2223 majus
881 2126 1050 2201 humanis

85 2221 88 2314 ζ
130 2275 148 2308 ,,
166 2223 299 2301 viribus
323 2248 346 2297 o
370 2247 415 2297 us
438 2224 550 2295 videri
575 2149 699 2320 poldt,
726 2223 812 2299 illud
837 2223 902 2310 est,
929 2225 1049 2321 quod,
1130 2299 1135 2308 ,

132 2324 228 2420 „qui
253 2248 370 2395 semedl
384 2334 550 2394 mortuus
581 2320 799 2417 estpeccato‚
812 2322 936 2408 adhuc¹
952 2323 1053 2428 vivat

130 2471 149 2504 ‚,
167 2422 203 2495 in
226 2433 387 2518 peccato.
414 2474 435 2506 ,,
462 2420 551 2503 Sic,
584 2420 750 2515 quamvis
788 2419 916 2493 intimo
940 2421 1052 2495 animi
1099 2447 1112 2464 ·

130 2515 217 2594 sensu
241 2540 371 2593 omnes
394 2518 439 2591 de
467 2517 661 2611 fragilitate
685 2515 801 2590 nostra
836 2517 986 2590 convisti
1010 2517 1053 2590 sr-

129 2637 226 2702 mus,
249 2615 403 2691 Parisrus
429 2629 551 2688 tamen
571 2629 648 2689 tam
662 2613 766 2686 ferrei
785 2614 896 2687 animi
909 2613 1053 2690 &cala-

130 2714 172 2788 mi
204 2713 281 2800 est,
318 2727 362 2788 ut
402 2712 530 2787 sentire
568 2713 606 2789 dc
630 2711 778 2787 scribere
801 2712 954 2799 audeat,
974 2712 1053 2810 post

130 2809 348 2912 Baptismum
382 2811 441 2885 vel
483 2809 590 2888 semel
630 2811 856 2908 delinquere,
892 2835 960 2887 rem
995 2809 1056 2909 effe

126 2911 272 3008 prodigio
289 2911 438 3011 fimilem.
491 2910 629 2984 Verum
666 2934 750 2984 cum
789 2908 862 3007 ipso
894 2911 940 2985 ad
984 2923 1056 2984 ter-

132 3009 216 3085 tium
238 3009 392 3105 gradum
412 3009 701 3105 progrediamur,
730 3007 768 3083 du
786 3008 1053 3103 intelligemus,

129 3104 191 3182 hoc
227 3107 303 3183 iore
342 3108 506 3200 omnium
540 3105 797 3181 miraculorum
839 3107 1053 3181 maximum.

130 3201 240 3304 Ipsum
277 3204 394 3280 audiri
426 3202 560 3279 neceffe
587 3203 662 3296 est3
693 3205 827 3300 absque
851 3204 922 3279 hoc
957 3205 1056 3279 enim

132 3325 230 3380 nemo
252 3303 384 3380 adduci
407 3301 542 3402 podet,
565 3317 609 3379 ut
644 3303 824 3387 crederet,
849 3326 934 3378 eum
968 3325 1057 3377 ven·

132 3399 282 3480 ditandae
307 3415 421 3477 tantae
443 3401 589 3498 ineptiae
601 3422 725 3500 parem
737 3399 826 3485 erre,
851 3423 1056 3497 quanquam

132 3497 203 3578 haec
224 3502 387 3578 maxima
411 3499 532 3576 futura
556 3525 630 3575 uon
654 3497 721 3584 sit,
745 3499 986 3595 quamadhuc
1009 3522 1056 3573 err

131 3595 196 3696 ipso
220 3599 422 3676 audiemus.

172 3718 228 3818 (k)
253 3777 275 3809 „
293 3718 352 3794 An
377 3743 451 3794 non
472 3716 675 3804 summum',
700 3717 774 3803 ait,
798 3739 873 3816 prae
891 3717 1058 3793 omnibus

130 3817 252 3906 „aliis
282 3817 379 3894 foret
402 3817 644 4010 mamlql'mg’
681 3814 707 3889 sr
743 3816 918 4004 cadaver’:
942 3814 1058 3987 oqqq'us

857 4015 1071 4050 ..p-a·—

127 4048 167 4130 (ι)
183 4051 260 4133 Ριι·
282 4043 355 4113 ⁶&
373 4067 403 4132 7·
445 4049 577 4130 (dre
597 4063 629 4131 7·
