2492 4509
578 281 589 298 ιι
634 269 678 306 “.,

879 386 925 401 1⁶⁴¹·

324 627 685 754 'Viselliira
857 637 1042 732 463·

140 842 354 957 'arrlenianus
378 845 599 960 notitiarum.
628 843 775 958 scriptor
795 844 895 922 illam
920 845 980 922 his

140 944 623 1153 {illlallal‘ll
636 946 979 1138 tarnim:

140 1157 233 1216 retur
258 1138 440 1237 coponio,
466 1142 559 1217 alius
583 1141 729 1240 quidam
752 1142 798 1215 ad
814 1140 892 1238 ejus
911 1165 976 1218 ex·

140 1240 247 1337 rplum
275 1237 568 1337 componendus,
583 1239 655 1314 fscu
677 1239 804 1314 eadem
816 1239 976 1337 scriptio·
1093 1287 1098 1296 ι

140 1339 224 1412 :via
262 1357 306 1413 ac
326 1335 436 1413 'ratio
474 1339 652 1424 tenenda,
687 1353 796 1434 atque
825 1339 997 1413 demon·.

140 1436 263 1511 indum
278 1433 385 1523 elset,
410 1435 559 1534 Jesuitas
574 1438 654 1512 illos
678 1433 771 1520 effe,
797 1436 860 1534 qui
877 1438 975 1512 Reli·

140 1558 230 1608 mem
255 1535 491 1610 Christianam
505 1559 589 1612 cum
614 1536 714 1610 omni
730 1531 812 1608 lidei
836 1557 880 1610 ac
895 1558 974 1611 mo-

140 1658 165 1707 n
194 1633 351 1708 doltrina
373 1633 549 1710 destruere
573 1633 691 1710 moliti
712 1630 816 1708 lunt:
855 1635 1000 1731 cepio-¹
1043 1631 1046 1644 '

141 1734 234 1805 hanc
256 1732 294 1805 in
318 1754 396 1806 rem
420 1748 633 1828 argumenta
657 1730 714 1808 vel
733 1732 843 1828 solum
862 1732 974 1806 Corn·

140 1830 253 1904 lilium
273 1830 439 1904 Historiae
464 1830 713 1906 Eccleliasticae
742 1831 863 1905 Racini
892 1829 999 1929 sup··

140 1928 286 2009 litaretz
315 1927 422 2002 Liber
445 1927 546 2001 simili
564 1927 686 2032 'forma
710 1932 973 2015 concinnatus,

140 2027 249 2100 inibus
275 2024 345 2099 suis
370 2026 866 2101 numerisvabsolutusiorct.
893 2026 972 2102 Ha-

140 2128 175 2196 :is
200 2126 237 2197 in
260 2123 377 2197 Gallia
391 2124 575 2219 ingentem
596 2146 787 2199 numerum
798 2125 971 2201 librorum

153 2222 383 2319 scriptorum,
422 2245 572 2319 quorum
611 2221 819 2331 adjumento
835 2269 855 2306 ‚·
884 2223 973 2298 dum

141 2344 202 2394 um
239 2319 417 2395 societatis
448 2321 596 2407 statum,
634 2342 783 2416 ejusque
806 2317 973 2396 abditillr·

161 2421 298 2513 quaevis
331 2440 461 2492 arcana
483 2419 555 2494 luci
583 2420 736 2514 publicae
761 2430 967 2514 exponunt,
1004 2428 1009 2437 ‘

140 2538 184 2588 ne
207 2518 277 2590 hoc
307 2518 495 2611 negotium
518 2516 688 2592 facillime
722 2515 968 2608 conficeretur.
1101 2570 1104 2574 -

140 2612 220 2686 :elle
269 2639 343 2688 non
394 2612 512 2699 foret,
551 2616 775 2711 ..ampliorem
798 2613 900 2687 illum
924 2637 969 2690 ac

140 2713 277 2807 giorem
303 2711 393 2798 elie,
430 2735 538 2810 quam
572 2711 613 2787 lit
647 2712 728 2787 haec
756 2711 973 2796 commenti-¹

156 2815 285 2887 Veritas
308 2810 556 2922 Bargosontma‘
568 2814 716 2912 consiliu
733 2833 849 2908 neque
871 2805 969 2887 ineo

140 2908 309 2984 estuantis
335 2909 415 2983 bilis
442 2921 506 2988 aut
541 2908 613 2988 odii
634 2908 731 3005 figna
768 2922 891 2984 contra
913 2908 968 2983 lo·

140 3014 249 3080 tatem
274 3009 425 3104 praeberi
441 3062 451 3093 ,
475 3006 533 3081 sed
549 3029 658 3082 omne
681 3029 796 3102 genus
812 3007 970 3082 charira-

149 3105 187 3179 &
213 3105 408 3202 plurimum
433 3105 502 3202 piae
525 3104 841 3181 commiserationis
880 3128 967 3199 erga

140 3226 196 3276 :os
241 3200 372 3278 hos&
415 3217 576 3277 errantes
622 3203 751 3300 fratres
802 3203 967 3299 expromi

140 3315 266 3374 rteret.
282 3308 305 3341 ‘⁸
344 3300 478 3374 Probat
502 3301 629 3377 deinde
668 3302 705 3377 ὅ(
742 3300 865 3376 laudat
891 3300 968 3374 No·
1055 3302 1071 3326 ’·

140 3422 190 3473 rm
213 3396 360 3496 scriptor
382 3398 476 3471 hanc
492 3397 670 3487 fomlam,
696 3397 735 3474 &
759 3397 855 3472 credi
876 3399 964 3486 vult,

177 3494 356 3571 affimilari
389 3496 428 3571 δι
450 3518 497 3570 ex
523 3518 628 3596 aequo
651 3497 858 3593 respondere
888 3496 967 3585 illi,

143 3593 259 3670 onstat
281 3595 413 3670 Veritas
439 3593 685 3693 Burgofomoi
702 3595 894 3695 systematis.
914 3634 927 3652 ·
946 3628 968 3655 ··

151 3748 161 3778 ‚
188 3694 268 3778 ait,
295 3693 406 3768 habes
428 3692 488 3767 hic
514 3696 651 3793 absque
674 3692 781 3768 dubio
809 3691 964 3768 formam

140 3793 168 3863 le
193 3791 432 3875 delineatam,
456 3792 516 3865 cui
542 3814 716 3889 magnum
751 3790 859 3865 etiarn
884 3812 964 3887 pre-

140 3912 171 3962 n
193 3889 333 3965 accedit
354 3912 378 3964 a
398 3911 509 3967 manu
525 3944 536 3977 ,
551 3913 645 3992 ·quae
667 3888 767 3965 illam
790 3885 965 4059 lugxgsellrt.

689 4037 691 4042 ,
881 4000 934 4059 χχ.

140 4088 412 4189 &Eccum
427 4144 467 4212 Ιι.
484 4124 579 4214 Mali,
591 4129 697 4210 1758·
