2492 4509
704 213 709 222 ι

674 235 678 244 ι

679 281 683 290 Ι
729 275 733 282 ι

933 370 1017 385 ,ιη-υ

356 625 585 744 Μαι
608 579 795 764 Paron.
814 585 838 648 ζ’
958 563 1051 732 ὦ

140 867 172 928 'n
196 849 293 938 sum,
321 849 366 926 D.
391 847 558 926 Grotium
579 843 692 928 secuti
715 847 838 938 effecit,
868 847 891 926 s
975 851 1029 930 es·

140 969 205 1026 ent
227 945 309 1026 hae'c
331 951 462 1035 venno,
487 947 754 1048 &simpliciter
775 949 903 1048 -toipfi
929 967 993 1028 ent
1015 977 1028 1028 ε

177 1085 199 1136 ,-,
224 1050 324 1148 jesus
347 1047 506 1126 Christus
537 1045 630 1123 solus
660 1047 711 1122 est
731 1069 796 1122 rex
809 1047 859 1125 ·&
883 1051 1031 1126 Monar-

140 1149 211 1223 :ha
237 1145 404 1222 Ecclesiae
404 1173 580 1222 ·····
607 1145 765 1226 castores
793 1147 911 1224 multo
934 1148 1031 1225 suni·

140 1247 246 1322 iores
267 1245 351 1322 sunt
379 1243 538 1320 colleiiis
561 1243 598 1318 in
623 1249 720 1320 curio
736 1243 941 1342 judicibus,
967 1251 1032 1346 qui

140 1367 188 1418 ex
210 1345 333 1440 legum
359 1365 487 1420 norma
507 1342 570 1456 jus
591 1345 719 1420 dicunt
754 1343 794 1420 &
818 1345 964 1421 decreta
985 1367 1031 1424 ac
1058 1431 1062 1440 ,

140 1440 228 1518 'cim
278 1441 433 1518 sednon
463 1442 526 1538 nitu
551 1464 617 1540 pro
639 1442 864 1518 observandis
885 1444 1029 1540 legibue

140 1538 308 1626 'aciunt‚
345 1563 455 1638 quam
469 1539 738 1716 principibus,
777 1541 840 1640 qui
864 1541 912 1616 ud
934 1543 1031 1620 arbi·

144 1640 253 1716 rium
277 1638 380 1714 suum
403 1651 591 1736 anthuure
625 1663 711 1738 eges
735 1639 881 1738 priores,
907 1639 947 1718 δι
961 1666 1046 1718 no·.
1147 1691 1153 1702 x

140 1759 208 1814 'as
230 1738 335 1813 edere
358 1735 508 1834 possunt.
528 1785 552 1818 u.
796 1737 806 1748 ’

222 1889 233 1914 .
255 1835 449 1934 Episcopus
466 1835 505 1910 in
520 1831 678 1910 Ecclesu
698 1835 888 1913 Catholica
911 1835 1030 1935 Judex

140 1936 176 2008 ei
260 1935 461 2019 doetrinae,.
485 1931 523 2009 &
561 1955 635 2007 vox
676 1931 1031 2030 ipsius,s1consen·

140 2053 144 2100 :
183 2056 267 2108 cum
300 2030 517 2122 postona&
541 2049 632 2105 voce
653 2029 783 2108 summi
805 2032 1028 2123 Pontificio,

140 2130 262 2205 ecesis
285 2129 357 2205 suae
380 2131 507 2204 ovibus
531 2153 604 2204 vox
628 2129 819 2217 Ecclefiae,
844 2155 888 2206 ac
899 2133 1029 2210 iisdem

183 2231 264 2325 lege
287 2229 369 2302 fidei
394 2249 605 2304 aemorum
630 2227 680 2300 est
740 2229 941 2326 Jnnsenistae
966 2256 1031 2327 pa·

140 2345 171 2400 n
198 2326 412 2425 proficerent
437 2327 474 2399 in
496 2325 710 2399 executione
739 2325 790 2400 sui
808 2325 1032 2422 systematis,

140 2427 342 2501 veritatem
382 2425 477 2499 hauc
520 2425 690 2498 intactam
730 2423 907 2498 sinerent:
930 2425 1031 2502 ¹hine

140 2525 191 2598 ni
237 2547 319 2599 eam
362 2524 494 2597 virium
533 2522 763 2616 contentione
807 2523 1030 2600 adoriuntur.

141 2617 293 2721 iscopus
320 2628 397 2709 (ut
419 2621 579 2716 improbe
604 2617 846 2716 fabulantur)
870 2645 944 2696 non
966 2619 1032 2698 nist

140 2725 230 2802 niex
261 2720 344 2794 fidei
378 2718 545 2794 Ecclefiae
582 2718 654 2794 suae
680 2721 787 2813 testie,
812 2715 879 2794 aut
902 2716 1032 2816 siquis

140 2815 220 2907 uit,
254 2821 383 2916 {egotnc
406 2818 552 2916 quidam
566 2817 632 2898 est,
658 2819 717 2892 cui
737 2817 774 2890 id
788 2818 948 2892 muneris
962 2819 1028 2893 ob·

140 2917 218 3004 nit,
256 2931 300 2992 ut
323 2917 393 2992 hoc
429 2917 487 2992 vel
512 2916 601 2990 illud
625 2916 663 2989 in
688 2913 845 2990 Ecclesn
867 2913 929 2990 suu
952 2933 1032 2990 cre·

157 3015 313 3091 testetur·
363 3018 450 3111 (9)
488 3070 510 3100 2,
538 3014 635 3109 Ergo
659 3013 737 3087 fieri
768 3037 842 3088 non
881 3013 1031 3111 potest,

145 3109 311 3212 inquiunt
345 3165 355 3198 ‚
406 3126 450 3188 ut
488 3111 651 3208 Episcopi
687 3112 724 3185 in
760 3108 918 3187 ferendis
959 3107 1032 3186 suis

142 3206 287 3306 judiciis
329 3211 426 3286 aliud
463 3211 523 3307 jus
563 3210 694 3284 habere
730 3207 883 3306 poliunt,
921 3232 1033 3305 quam

151 3308 413 3408 representaudi
445 3307 524 3382 suas
550 3306 765 3394 Ecdefias,
807 3307 845 3382 ἀ
876 3306 1034 3392 perseve-

150 3432 234 3483 rans
259 3411 297 3482 in
322 3408 366 3481 iis
392 3406 436 3480 ab
460 3407 560 3480 omni
582 3406 757 3480 memoria
792 3403 1035 3480 testimonium

150 3531 196 3582 ex
218 3505 435 3606 judiciorum
458 3504 573 3579 forma
594 3503 818 3580 declarandi:
850 3503 945 3577 Cum
970 3526 1036 3578 uu·

147 3619 224 3682 tom
256 3605 430 3700 simplices
455 3602 500 3677 de
523 3602 592 3677 fide
619 3601 857 3678 Eccleliurum
891 3599 1034 3676 suanum

144 3701 251 3780 testes
289 3703 392 3790 tunt,
433 3703 541 3778 verba
578 3699 732 3798 ipsorum
772 3699 1032 3774 autitoritatem

151 3804 229 3876 Vol.
248 3802 295 3875 II.
545 3795 618 3896 (X)
910 3822 984 3871 non

140 4017 277 4084 nonium
304 4015 452 4085 Venutio
469 4037 543 4104 pag.
565 4035 619 4099 92.
641 4014 678 4083 &
699 4015 767 4102 seq.
