2492 4509
370 653 618 760 ΜΝ.
671 652 764 735 Poro
781 653 855 736 111.
1003 681 1075 760 257

128 889 202 978 pto·
217 863 334 950 sacra
368 861 636 984 communione
669 869 941 970 proportionem,
977 897 1073 950 nun·

125 971 572 1072 ,qoumodtntegntatem
594 972 653 1050 cui
669 973 760 1046 radii
773 970 855 1048 solis
870 971 997 1048 cedere
1010 971 1075 1046 de·

130 1073 262 1162 beant,¹
304 1083 499 1146 erventura
524 1067 578 1146 m
631 1071 758 1158 Qualis
780 1092 889 1166 ergo,
907 1069 947 1146 δι
960 1094 1075 1169 quan·

112 1169 255 1250 uest·
322 1165 343 1243 ἓ
366 1163 515 1244 Author
527 1191 610 1246 eam
626 1169 839 1270 pergratus
852 1167 1021 1267 explicat.

202 1363 300 1466 Pog.
321 1387 382 1464 35.
407 1383 482 1442 non
501 1366 644 1444 videtur
654 1365 736 1464 plus
750 1365 885 1464 aliquid
896 1368 1065 1463 exigere,

135 1463 488 1644 ffimunditiam
514 1463 704 1562 Angelicae
727 1488 872 1562 parem,
893 1479 937 1542 ut
959 1467 1005 1541 ad
1030 1467 1076 1542 S.-

179 1567 193 1586 '
266 1563 440 1656 unionem
458 1563 603 1639 admitti
625 1561 739 1662 poffit.
776 1561 831 1638 At
842 1587 959 1662 neque
975 1565 1072 1639 intra

116 1661 360 1740 *hoosefines
385 1661 594 1740 continebit
622 1656 733 1752 „Hic
756 1660 824 1748 est,
849 1663 984 1760 inquit,
1009 1685 1074 1760 pa-

121 1809 158 1860 Ι,,,
179 1761 239 1838 nis
262 1757 514 1873 Angelorum:
549 1783 636 1858 ergo
662 1759 847 1858 Angelum
871 1759 939 1836 esse
966 1782 1075 1858 opor·

131 1903 159 1948 o.
177 1873 258 1946 tet5
281 1881 346 1958 qm
361 1881 406 1934 eo
417 1857 588 1948 vescatur.
615 1857 690 1946 Illi,
716 1860 778 1958 qui
801 1861 916 1934 vitam
929 1883 1003 1952 non
1016 1859 1074 1932 in-

133 2003 157 2050 .
181 1955 490 2054 monogaomm
500 1956 709 2054 integritate
717 1979 874 2045 morum,
886 1957 1072 2056 perfectio-

135 2101 158 2146 „
177 2079 226 2132 ne
250 2055 413 2141 amoris,
438 2057 664 2152 perennitate
687 2053 855 2140 secessus,
886 2055 1072 2130 l'anttitate

135 2205 156 2244 „
179 2153 365 2230 astianum
388 2177 410 2228 a
463 2166 519 2239 nt,
542 2153 641 2249 digni
654 2180 727 2230 non
739 2151 836 2240 sunt,
859 2156 920 2252 qui
940 2178 985 2228 eo
1009 2177 1075 2250 pa·

136 2297 156 2342 ·,,
181 2249 338 2330 suanum
357 2175 482 2338 „offic
492 2253 593 2348 retia,
618 2276 700 2349 quac
711 2252 775 2327 tibi
784 2255 990 2328 tenduntur.
1025 2251 1075 2325 Ut

135 2349 232 2430 ficta
246 2349 513 2426 Communione
535 2351 666 2446 dignus
690 2349 884 2435 censearis,
908 2350 1077 2423 sanctitas

133 2451 283 2552 pennu,
307 2449 481 2546 adquam
506 2447 699 2543 aliquando
720 2449 871 2522 evadere
883 2449 1019 2544 poteris
1035 2449 1073 2520 in

135 2549 224 2626 nelo
249 2603 260 2634 ,
302 2567 488 2642 nunquam
515 2559 639 2620 tamen
661 2537 856 2620 secundum
879 2545 1074 2618 hodiernus¹

157 2647 269 2722 'vinae
290 2643 532 2720 Providentiae
557 2645 656 2739 leges
684 2644 854 2718 accedere
879 2644 919 2716 'm
942 2641 1075 2716 terris:

132 2761 222 2844 argo
261 2761 449 2840 nunquam
465 2743 530 2819 tibi
542 2743 588 2817 ad
611 2741 649 2820 S.
665 2743 958 2818 communionem
973 2756 1077 2838 pateo

136 2841 189 2922 ut
211 2841 349 2921 adittm

230 2965 334 3052 Num
345 2993 431 3066 vero
443 2961 595 3070 amplior
620 2971 685 3045 tibi
707 2965 861 3045 facultas
886 2967 1007 3043 futura
1031 2967 1075 3043 fit

229 3071 398 3158 adeundi,
421 3067 597 3156 maumas,
642 3091 700 3144 uae
709 3093 789 3165 pag.
807 3095 853 3164 3⁷
869 3067 978 3162 8138.
994 3064 1075 3141 Au·

137 3163 408 3256 morvenditat,
424 3168 590 3244 tuometi
613 3093 810 3262 {decerne
824 3165 959 3262 judicio
970 3189 979 3256 ;
1010 3167 1076 3237 do·

204 3273 281 3358 ibi,
307 3269 425 3366 quod,
439 3289 523 3342 cum
535 3266 580 3340 de
591 3192 760 3340 famenna
775 3264 840 3340 SS.
855 3261 1076 3337 Eucham'na

181 3373 281 3456 'tun
307 3421 330 3454 ,,
344 3363 491 3441 Animae
516 3363 600 3439 satis
625 3363 694 3436 effe
716 3389 790 3436 non
801 3361 957 3446 debeat,
982 3361 1077 3433 inte-

178 3463 337 3568 gramse
348 3463 520 3538 servarea
534 3486 640 3538 naevo
654 3455 693 3536 &
709 3461 874 3544 macula,
902 3477 944 3533 ut
962 3459 1074 3532 divini

180 3563 312 3668 sponso
330 3561 446 3640 oculis
465 3563 629 3661 placeat,
653 3591 670 3617 ··
693 3601 709 3616 ·
733 3601 749 3617 -
774 3554 1075 3632 Eminentiffima-

93 3703 94 3708 ¹
180 3689 267 3744 mm
290 3663 468 3739 virtutum
490 3659 595 3736 usum
617 3655 881 3734 &exercitium
906 3659 1077 3728 innocen·

181 3765 248 3842 tiae
268 3761 348 3842 suae.
367 3757 551 3856 adjungat,
575 3755 710 3832 neceffe
735 3757 794 3831 est.
812 3799 829 3812 -
853 3798 869 3811 -
882 3755 1080 3828 Enimvero

208 3863 284 3940 hoc
308 3884 383 3934 non
404 3855 452 3932 est
472 3873 619 3933 omnem
638 3857 685 3932 'ad
703 3855 741 3932 S.
770 3854 1077 3931 Communionem

158 3963 167 3980 '
256 3955 464 4051 comune,
490 3973 532 4038 ut
555 3955 735 4135 affinibus
758 3961 867 4060 nostro
889 3959 999 4031 acates
1025 3953 1081 4022 ἐκ·
1122 4011 1128 4048 :

981 4073 1039 4130 nc·
