2492 4509
537 539 539 541 Ι
1949 565 1954 570 .
2149 559 2160 568 v

390 612 394 616 '
434 611 446 626 Ι

697 681 705 699 ἱ

2190 648 2199 656 .
2237 596 2260 636 Χ

862 733 1386 819 vindicias.
1861 703 2052 833 2461·

291 969 611 1037 [ov-east
659 950 1085 1029 nausearent
1126 948 1205 1024 hi
1251 946 1417 1022 istos
1466 911 1802 1022 homines
1849 1003 1869 1036 ,
1951 951 2033 1032 ὅ(

291 1081 315 1131 ι
383 1053 746 1131 stomacho
788 1050 1213 1149 rejioerentt
1266 1047 1577 1127 Ecclefia
1620 1053 1784 1129 haec
1827 1077 2031 1153 pura,

350 1154 637 1231 macula
662 1207 682 1237 ‚
731 1150 1003 1250 semper
1048 1151 1303 1225 eadem
1335 1206 1353 1235 ‚
1415 1175 1560 1225 non
1608 1154 1786 1228 alias
1831 1155 1908 1230 in
1947 1157 2036 1232 fi-

291 1278 425 1329 1m
475 1252 760 1327 suorum
809 1271 1112 1325 numero
1184 1249 1449 1325 habere
1491 1250 1716 1345 potest
1741 1307 1759 1338 ,
1813 1255 2046 1350 quam·
2159 1307 2164 1312 .

329 1355 415 1429 in
449 1352 573 1426 suo
606 1349 778 1437 finu,
830 1349 906 1424 in
949 1349 1078 1423 usu
1120 1344 1270 1423 suae'
1311 1347 1673 1433 dot'trinae‚
1725 1351 1802 1425 in
1899 1375 2041 1429 rae-

291 1513 305 1523 .
391 1451 727 1527 omnibus
802 1446 949 1523 suis
1049 1446 1515 1542 decilionibus
1597 1446 1844 1524 submit
1873 1474 2074 1546 lone,

291 1564 422 1624 xnt
455 1605 475 1638 ,
567 1545 644 1625 ὁ(
715 1546 983 1622 mortui
1053 1546 1234 1621 suut.
1388 1547 1611 1622 Plane
1661 1572 1808 1622 non
1848 1549 2037 1626 auiis

291 1673 335 1722 >
415 1644 769 1743 affirmare
812 1702 830 1733 ,
903 1646 1066 1722 haec
1114 1646 1208 1722 ad
1259 1643 1560 1742 Sanfi'or·
1606 1660 1777 1740 tuos
1817 1650 2040 1763 perti·
2187 1680 2196 1689 ·

291 1768 331 1819 Ξ
378 1767 403 1828 z
492 1760 735 1821 tecum
780 1743 928 1843 ipso
975 1767 1332 1843 pugnares
1357 1801 1380 1831 ,
1468 1744 1544 1822 &
1593 1744 1805 1844 pleno
1874 1749 2042 1827 lllos

302 1846 471 1921 brio
549 1865 945 1942 exponeres
992 1900 1010 1929 ‚
1087 1844 1136 1917 fi
1184 1845 1463 1920 duabus
1513 1844 1876 1924 -Ecclesiis
1903 1902 1922 1933 ‚
1993 1871 2040 1925 e

291 1959 518 2020 netro
545 1943 666 2019 fibi
691 1942 1027 2040 oppofitis
1054 1943 1372 2017 addittos
1420 1944 1718 2018 diceres,
1819 1946 2044 2023 Dein-

291 2097 299 2119 .
396 2068 490 2119 an
537 2068 683 2117 non
746 2042 1080 2116 omnibus
1152 2055 1607 2137 compertum
1658 2041 1756 2116 est
1795 2096 1814 2129 ,
1865 2047 2044 2142 ple..

291 2163 430 2239 Jue
480 2164 729 2216 eorum
784 2139 996 2213 instar
1070 2137 1276 2214 vestri
1395 2161 1473 2211 er
1533 2140 2040 2222 excellentiam

291 2243 383 2316 aa·
452 2238 657 2316 Beati
728 2236 1085 2313 francisci·
1139 2238 1304 2312 Pari
1336 2239 1384 2310 1i
1443 2239 1632 2333 (qui
1681 2238 1856 2314 teste
1913 2265 2039 2316 ve·-

291 2361 468 2416 rum
536 2337 1049 2412 acerrimorum
1092 2338 1545 2432 Scriptorum
1625 2360 1770 2411 uno
1819 2392 1838 2422 ,
1907 2337 2066 2434 [ιώ

291 2464 392 2513 vo
430 2441 912 2509 anathematum
941 2493 959 2520 ‚
1013 2458 1175 2532 quae
1223 2435 1556 2510 Romana
1597 2435 1673 2508 in
1707 2457 1880 2510 eum
1929 2437 2043 2514 in·

291 2532 362 2611 it
413 2533 743 2615 Ecclesia,
794 2534 912 2608 seu
943 2533 1079 2626 sub
1127 2559 1358 2608 acervo
1401 2533 1698 2607 [amdam
1745 2535 1841 2610 ad
1883 2537 2046 2631 plu-

300 2633 486 2708 abiit
518 2632 552 2728 )
600 2632 891 2729 &ipsos
938 2644 1223 2729 quoque
1249 2631 1370 2706 sub
1397 2629 1816 2727 hujusmodi
1839 2655 2044 2708 acer-

298 2745 639 2807 mortuos
690 2730 825 2804 effe
851 2732 892 2810 ‘2
951 2732 1175 2826 ‘Ergo
1253 2756 1396 2805 non
1453 2731 1688 2826 magis
1725 2785 1745 2814 ,
1817 2754 2041 2828 quam

301 2887 327 2915 ,
386 2828 722 2905 Ecclefiae
783 2831 1136 2905 Romanae
1203 2829 1376 2914 filii,
1429 2853 1518 2903 ac
1563 2829 1775 2906 lanffi
1823 2837 2036 2910 lunt:

302 2931 456 3005 hoc
501 2932 647 3027 ipio
698 2930 947 3027 quales
1006 2927 1169 3004 sunt
1221 2927 1469 3006 sanffl
1497 2927 1537 3002 ‘2

372 3063 472 3137 Et
524 3061 779 3137 Sanbtae
822 3060 1070 3138 vestrae
1094 3060 1443 3160 ,Virgines
1494 3060 1758 3140 Portus
1801 3062 2038 3160 Regii.

291 3184 475 3236 xum
546 3159 685 3234 offa
746 3159 814 3234 se
860 3163 1083 3237 etiam
1158 3162 1738 3259 prophetantium
1814 3165 2036 3238 choro

291 3273 480 3336 runt
513 3315 531 3346 ,
585 3284 726 3358 qua
771 3261 942 3337 vitae
998 3261 1483 3336 Santtimonia
1523 3276 1728 3336 erant
1750 3259 1791 3333 ⁴?
1870 3259 2036 3334 haec

291 3381 364 3434 m
438 3381 608 3434 vero
694 3359 1064 3455 dignitatis
1161 3382 1246 3433 ac
1336 3359 1777 3457 perfeetionis
1866 3380 2033 3452 gra-

291 3481 343 3533 n
389 3458 651 3555 adepta
691 3461 787 3530 est
836 3513 855 3542 ,
936 3459 1026 3533 ob
1077 3480 1298 3554 quam
1343 3458 1699 3555 praecipue
1744 3456 2035 3531 honori-

291 3617 297 3626 .
382 3557 544 3632 illas
626 3556 1032 3630 laudatione
1107 3554 1611 3654 prosequamur
1680 3567 1964 3652 oportet
2004 3575 2034 3638 t

291 3668 437 3732 tter
481 3655 787 3751 gloriam
826 3710 845 3741 ,
923 3653 1115 3752 quod
1159 3653 1373 3729 instar
1418 3654 1726 3727 aliorum
1775 3650 2037 3728 vestro·

291 3776 334 3832 u
379 3753 755 3828 sanderum
790 3751 927 3850 sub
953 3753 1424 3828 mammarum
1462 3776 1679 3825 acervo
1723 3764 2033 3829 mortuae

292 3910 338 3941 .,
390 3850 571 3927 illud
617 3875 867 3929 earum
913 3850 1332 3952 praecellens
1380 3851 1599 3926 decus
1649 3847 1746 3923 est
1773 3905 1792 3936 ,
1842 3852 2036 3948 quod

291 3972 401 4028 un
446 3950 728 4048 egerint
750 4009 770 4042 ,
822 3951 899 4029 ὅ(
949 3963 1260 4028 mortuae
1306 3948 1441 4028 sint
1477 3952 1546 4025 in
1577 3949 1734 4024 nido
1763 3949 2032 4042 boerefin

291 4049 466 4131 toris
526 4048 718 4154 istud
790 4050 1222 4138 vocabuium
1294 4047 1392 4129 est
1422 4100 1448 4146 ,
1522 4070 1664 4150 quo
1735 4049 2038 4134 sanam
2169 4030 2200 4056 “

2241 4231 2280 4332 ²1

1768 4147 1976 4252 ἰἳὶι-
