2492 4509
626 723 1141 832 'Dauo-strant.
1190 730 1363 808 Pm
1419 725 1554 842 Vl.-
1907 753 2056 829 443

395 935 614 1018 Liber'
635 995 654 1026 ‚
729 964 873 1053 quo
925 942 1087 1020 haec
1135 941 1479 1041 dogmata
1527 945 1990 1024 continentur
2035 950 2058 984 ⁸

336 1038 670 1115 Authore
734 1041 893 1117 lolis
943 1043 1166 1118 doctis
1224 1044 1612 1120 destinatus
1683 1059 1900 1128 eratz
1973 1056 2062 1121 ut

291 1162 367 1228 :o
443 1161 805 1214 venenum
851 1139 997 1217 late
1036 1141 1118 1219 ἀ
1164 1164 1294 1239 per
1353 1165 1608 1218 omnes
1677 1144 2120 1229 hominum„
2165 1173 2176 1182 ·

291 1237 495 1312 unes*
533 1253 861 1313 manaret
898 1294 917 1325 ,
1000 1241 1292 1340 quidam
1340 1265 1381 1314 e
1427 1239 1483 1315 F
1483 1241 1778 1318 astionis
1829 1243 2062 1339 (ἴοι-γ-Ι

291 1339 433 1410 aeis
484 1359 577 1410 ex
627 1336 752 1412 illo
822 1338 1093 1436 colligit
1140 1340 1213 1414 id
1244 1397 1266 1428 ,
1338 1341 1530 1438 quod
1575 1342 1894 1418 maxime
1987 1363 2062 1415 e·

291 1432 515 1510 ’erum
564 1433 706 1527 est;
757 1437 1119 1512 contextis
1171 1461 1215 1513 a
1265 1437 1332 1514 se
1377 1461 1507 1536 pro
1553 1438 1736 1515 libro
1783 1437 1860 1514 δι
1905 1365 2064 1516 Χυ-

291 1554 413 1608 :re
448 1533 815 1610 ·vindiciis
886 1535 1128 1614 inserit
1149 1593 1169 1624 ,
1238 1538 1560 1636 nihilque
1627 1533 2066 1615 diffimulans

300 1633 491 1708 illud
538 1634 728 1710 tueri
797 1649 1044 1731 aperte
1106 1637 1525 1735 profitetur:
1600 1634 1863 1734 gallico
1925 1633 2065 1710 ser-

291 1755 419 1808 une
467 1734 697 1806 utitur
741 1756 759 1806 ε
849 1734 988 1809 hoc
1062 1736 1265 1832 pasto
1332 1735 1528 1812 sexui
1570 1755 1855 1844 quoque
1904 1757 2070 1810 mu-

291 1831 405 1905 3ῐί
468 1829 772 1905 facultas
842 1833 1085 1910 oblata
1132 1835 1229 1908 est
1276 1833 1741 1930 cognoscendi
1797 1855 2070 1912 novam

291 1929 597 2004 {trinam
614 1986 631 2015 ,
663 1945 881 2028 atque
902 1931 1132 2008 avidis
1155 1933 1374 2008 labris
1399 1932 1816 2029 imbibendi.-

412 2026 646 2103 Fastio
682 2085 700 2113 ,
750 2045 833 2106 ut
879 2029 956 2106 &
1004 2029 1284 2126 plebem
1329 2030 1471 2105 suis
1499 2032 2076 2128 'implicet'erro-

292 2150 405 2202 us
440 2182 458 2213 ‚
522 2126 1036 2204 catechismum
1106 2128 1439 2225 procudit
1481 2184 1501 2214 ,
1569 2129 1646 2203 in
1691 2151 1837 2224 quo
1883 2127 2076 2202 Bur-

291 2226 600 2302 i‘ontana
643 2225 956 2300 doctrina
1002 2228 1075 2299 in
1118 2239 1314 2302 certa
1364 2228 1600 2325 capita
1643 2223 1940 2320 digesta,
1993 2223 2072 2301 &

291 2324 539 2422 pulari
572 2324 1073 2417 intelligentiae
1102 2325 1648 2399 accommodata
1677 2323 1797 2401 est.

292 2499 297 2504 ,
409 2421 759 2516 profugus
808 2423 883 2496 in
930 2423 1396 2499 Hollandiam
1466 2419 1860 2518 Religiosus
1905 2443 2078 2494 con·

291 2517 466 2616 ipto
516 2520 695 2593 libro
742 2542 867 2594 eos
920 2535 1319 2618 pervertere
1365 2522 1618 2596 nititur
1651 2576 1669 2605 ,
1747 2520 1872 2618 qui
1919 2516 2076 2592 san·

291 2641 502 2692 :rem
558 2617 839 2692 vivendi
887 2620 1238 2694 rationem
1285 2619 1718 2716 sequuntur:
1797 2617 2081 2712 Burgo-

291 2731 506 2790 1tana
556 2715 895 2811 dogmata
942 2718 1158 2791 crude
1184 2717 1262 2793 &
1287 2717 1475 2793 nude
1509 2715 1894 2815 proponit3
1958 2711 2076 2788 sed

355 2814 643 2890 nullum
727 2837 964 2913 operae
1038 2816 1352 2914 pretium
1413 2815 1659 2893 facit:
1759 2815 1940 2891 liber
1998 2812 2079 2888 iu
2237 2847 2248 2876 ι

291 2914 541 2990 :nium
604 2910 1063 2988 offensionem
1122 2913 1471 2990 incurrit:
1546 2937 1676 3014 pro
1725 2927 1926 2994 terea
1955 2925 2079 2988 ta·

291 3029 385 3086 en
431 3013 521 3085 ab
577 3015 898 3108 urgendo
945 3014 1087 3089 hoc
1144 3012 1498 3112 proposito
1539 3037 1628 3092 ce
1679 3027 1886 3092 atum
1931 3033 2082 3088 nou

336 3134 355 3184 :
401 3107 822 3206 subrogatus
874 3113 949 3186 in
997 3112 1254 3210 prioris
1327 3113 1570 3189 locum
1639 3112 1828 3190 'alius
1891 3109 2080 3188 sum-

291 3225 385 3380 {⁹
433 3210 2081 3404 qffieinssssss'ssfflngssgfflffisssspffi

291 3429 499 3480 nrum
588 3404 1122 3483 Testamentum
1196 3407 1797 3485 observationibus
1869 3405 2082 3503 plena

291 3523 449 3580 anu
515 3501 866 3600 adspergit
908 3529 925 3578 τ
1003 3505 1141 3602 piis
1189 3508 1448 3582 animis
1485 3507 1736 3581 ‘Deum
1780 3502 2086 3580 adoran-

291 3621 402 3677 ιω
452 3601 529 3679 δι
580 3603 968 3678 amandum
1016 3605 1308 3679 exhibet
1348 3630 1366 3688 ς
1447 3605 1562 3678 sed
1608 3602 1894 3701 qualem
1941 3600 2084 3676 De-

291 3703 424 3781 u?
496 3701 731 3775 Deum
782 3702 1183 3790 morosum,
1230 3702 1640 3787 difficilem,
1705 3699 2080 3788 fallacem..

292 3798 595 3874 udelem
640 3855 659 3883 ,
732 3798 1066 3896 injustum
1091 3857 1111 3887 ,
1178 3803 1642 3898 tyrannicum
1677 3854 1696 3885 ‚
1741 3799 1863 3898 qui
1907 3797 2088 3876 subi·

292 3933 295 3946 =
382 3897 695 3995 quodam
766 3899 1160 3977 voluntatis
1232 3900 1510 4002 impetu
1578 3899 1738 3974 ideo
1803 3912 2092 3974 tantum

291 3991 461 4074 lvat
504 4009 633 4071 aut
680 3995 985 4076 damnat-
1015 4003 1320 4087 animas,
1372 4000 1537 4098 quia
1569 3998 1671 4074 ita
1697 3997 2095 4169 οοΙΙίὺᾶωιη

1845 4119 1891 4170 e
1977 4117 2007 4168 ·.
