2492 4509
339 595 829 728 ⁴-lefirmBarsI,
921 535 936 686 κ’.
1089 614 1157 724 7'

146 951 171 986 Μ

85 1065 94 1094 ·,Ι
144 1049 165 1086 99

143 1149 168 1184 n.

85 1201 162 1322 j'„

85 1335 87 1346 '
141 1348 160 1380 rr

234 854 257 888 „
281 795 499 897 Antequam
549 799 764 899 mysterium
807 803 880 886 hoc
925 807 1110 894 abscondi·

185 908 295 986 tum,
333 861 565 999 paucisque,
610 903 673 999 qui
707 893 966 1012 Janienismrim
995 914 1107 1010 profi.
1140 943 1145 954 ·

187 1011 332 1112 tentia,
358 997 547 1109 huctrsque
581 1001 799 1096 cognitum,
825 1019 950 1104 aperte
988 1032 1105 1124 emm.

184 1121 329 1370 {ffimir
353 1099 1011 1310 pbiffciisirtiiiilcusneirzisehgic’uriiiriri
1029 1133 1104 1284 iileli
1136 1139 1142 1156 ·

197 1320 320 1372 aciens
339 1352 355 1409 .’
397 1292 584 1395 postquam
631 1293 825 1375 Frllovitnn
864 1297 1022 1396 Regium
1060 1306 1101 1380 in

179 1395 248 1470 hac
272 1417 374 1471 cuna
408 1391 677 1483 Advocatum,
726 1397 836 1470 variis
868 1398 999 1474 oblatis
1035 1425 1098 1476 oc·

137 1546 158 1578 „
178 1491 377 1570 canonibus
414 1491 536 1592 palam
561 1491 595 1566 se
620 1494 851 1592 multumque
878 1513 985 1571 novae
1009 1497 1029 1597 J
1059 1538 1097 1602 ⁸·

85 1609 88 1688 ι
137 1644 163 1679 ,,,
178 1591 386 1678 senistarum
441 1591 611 1682 dottrinae
663 1590 856 1690 opposuisse
905 1593 1095 1670 intellexe-

85 1741 87 1794 :
136 1743 161 1786 „¹
176 1703 236 1767 rat
256 1747 273 1780 „
302 1691 356 1774 ad
375 1690 530 1765 eundern
567 1689 745 1777 inviserit,
780 1687 916 1791 &post
938 1695 1095 1790 praevias

85 1823 87 1870 :
134 1790 355 1890 „quasdam
386 1785 551 1865 officiosae
586 1789 826 1865 humanitatis
862 1789 1091 1886 significatio·

85 1889 87 1894 ’
134 1941 154 1972 ,,
177 1913 263 1974 neS,
288 1887 452 1962 sermone
474 1888 520 1961 ad
549 1888 745 1985 principia,
772 1909 855 2059 ἕηκε
880 1901 957 1962 tarn
972 1889 1095 1986 -libere

133 2040 161 2068 o.
174 1987 219 2060 de
253 1987 374 2082 gratia
395 2010 439 2060 ac
470 1987 579 2061 libero
605 1986 752 2063 arbitrio

797 1984 1091 2075 iffeonnarentur,

85 2129 87 2134 ·
133 2138 152 2169 ,,
173 2085 341 2184 delapso,
368 2084 520 2181 denique
548 2086 664 2159 eidem
705 2085 868 2170 dixerit,
907 2086 1002 2161 hanc
1024 2086 1093 2161 ho-

132 2237 152 2268 ,,
172 2186 315 2282 minurn
350 2182 477 2257 setiam
514 2184 600 2257 nibil
635 2181 732 2257 aliud
773 2182 835 2257 fibi
870 2183 1092 2283 proposrtum

132 2284 309 2368 „babere
335 2338 352 2367 ,
395 2297 508 2378 qnanr
539 2296 581 2356 ut
617 2281 857 2377 Evangelium
889 2284 1089 2378 abrogent,

131 2435 151 2464 ‚.
174 2381 211 2458 bt
251 2381 363 2455 fidem
409 2379 454 2453 de
497 2381 743 2495 redemptione
791 2379 981 2454 hominum
1027 2402 1092 2479 per

133 2533 152 2563 „
174 2504 324 2555 crucem
347 2477 384 2555 ὃ(
409 2494 566 2553 mortem
587 2477 678 2575 jbsu
702 2477 831 2552 Christi
855 2477 872 2574 (
895 2493 1005 2574 quam
1028 2478 1091 2575 ipsr

131 2579 269 2668 „inter
293 2577 455 2653 historias
482 2576 708 2676 apocryphas
727 2573 992 2672 numerarent)
1019 2576 1116 2651 tol-¹

129 2731 149 2761 ,‚
171 2679 282 2762 iant,
325 2675 363 2752 δι
397 2676 604 2773 opprimant
628 2698 637 2746 :
680 2670 773 2769 poiie
800 2670 832 2745 se
865 2673 1090 2750 luculentum

129 2829 148 2860 „
171 2777 215 2853 bt·
247 2789 392 2849 certum
439 2773 517 2870 ejus
552 2773 602 2850 rei
654 2769 898 2846 testimonium
936 2772 1088 2861 dicere,

127 2891 302 2973 „utpote
340 2874 401 2971 qui
440 2874 564 2970 primis
619 2871 690 2945 hoc
726 2869 829 2968 super
872 2886 1089 2966 argumento

128 2974 307 3058 „habitis
351 2969 667 3046 consultationibus
715 2968 935 3044 intersuiffet.
1015 2969 1100 3042 Ro·

127 3125 148 3156 „
168 3096 262 3156 vera¹
292 3070 311 3166 (
343 3071 450 3157 verba
487 3083 591 3144 erant
632 3066 904 3165 Ecclesiastici)
943 3063 1091 3142 Antho-

126 3225 146 3254 „
169 3193 227 3245 res
253 3169 375 3266 hujus.
391 3169 587 3254 doiirinae,
625 3189 707 3264 quae
731 3191 827 3242 nunc
850 3163 1089 3266 jansenismus

127 3324 147 3354 „
168 3271 409 3369 appellatur,
443 3269 605 3365 pluribus
635 3266 765 3340 abhinc
802 3267 907 3339 annis
945 3263 1090 3360 Burgo-

127 3423 147 3452 „
171 3369 304 3455 sonte,
341 3367 423 3442 ioco
449 3360 588 3440 Parisiis
607 3364 754 3455 ¹vicino,
781 3384 1002 3448 convenere,
1026 3361 1089 3437 ubi

127 3521 146 3550 ,
170 3469 242 3567 ipse
278 3487 425 3564 quoque
459 3464 622 3550 aderam,
669 3463 743 3549 Sex
780 3462 866 3534 huic
902 3461 1089 3536 conventi-

127 3620 146 3650 t·
169 3570 250 3644 cuin
274 3565 497 3654 interiuere;
524 3587 590 3659 ego
615 3584 716 3635 eram
738 3558 920 3655 septimus,
982 3557 1088 3633 Unus

129 3718 147 3749 o
168 3671 350 3744 drnnxat
390 3686 439 3735 ex
472 3659 562 3735 senis
597 3662 668 3735 iliis
693 3658 823 3732 adbuc
847 3660 885 3733 in
915 3657 1008 3736 vivis
1033 3655 1089 3727 su·

130 3818 148 3848 ,‚
167 3767 309 3866 petest,
340 3760 501 3862 ajebat,
540 3760 577 3838 bt
613 3780 740 3834 eorum
776 3758 951 3831 omnum·
971 3752 1090 3827 nomi·

130 3915 148 3947 η
168 3891 211 3943 na
230 3893 273 3944 ac
297 3859 440 3941 titulos
467 3858 688 3949 recensebat,
714 3853 847 3932 scilicet
870 3854 887 3952 (
911 3853 938 3930 1.
963 3849 1009 3923 D.
1038 3845 1103 3924 V.-

549 3955 638 4057 Ac
732 4055 734 4060 ,
993 3947 1040 4026 D.
