2492 4509
1018 585 1027 626 l

83 469 89 738 i
282 589 285 594 Ι
404 619 824 730 Drmmstrolo.PrrrI.
1032 663 1079 716 21

84 861 88 878 ·
139 859 192 938 pro
211 837 347 940 inligni
373 840 639 918 calumniatore
669 843 915 942 proclamatus
948 841 1080 935 suerit,
1129 869 1134 880 ¹

138 961 237 1036 quam
275 939 379 1038 quod
417 939 699 1016 abominandam
741 941 905 1017 sartioms
958 943 1081 1042 cujus·

84 1051 87 1066 '
138 1045 210 1116 dam
235 1039 476 1116 molitionem
509 1039 714 1126 detexerit,
748 1039 852 1138 cujus
878 1039 1081 1140 summope-

90 1157 95 1166 “
139 1157 172 1208 re
186 1138 389 1223 intererat,
414 1137 570 1212 eandem
595 1136 800 1213 denliilimis
837 1139 995 1228 tenebris
1021 1143 1078 1216 in⁴

140 1235 296 1313 volutam
322 1236 450 1310 teneri.

178 1333 280 1410 idem
307 1333 482 1412 Fillovius
508 1332 555 1408 ad
574 1335 791 1411 narrationis
816 1334 888 1412 luae
913 1333 1078 1429 juridica

140 1433 266 1508 calcem
295 1431 432 1530 aliquid
455 1432 538 1530 plus
560 1431 598 1508 dr
621 1433 763 1531 majus,
816 1457 901 1508 uem
918 1448 960 1508 ut
980 1436 1076 1511 inter

138 1531 355 1630 tonjefturas
390 1533 570 1608 duntaxat
604 1533 725 1608 locum
749 1459 905 1626 linierat,
941 1533 1077 1628 profert

137 1629 167 1704 in
186 1632 374 1714 medium,
389 1629 428 1706 ἃ
441 1653 486 1702 ex
500 1629 651 1728 jansenii
665 1631 711 1705 ad
723 1631 976 1727 Saucyrnnum
989 1632 1076 1728 Epi-

136 1725 221 1804 lioiis
247 1731 381 1828 probat
411 1755 439 1801 r.
458 1728 756 1824 conspirationem
779 1733 961 1826 quandam
978 1729 1076 1810 inter

135 1825 207 1902 iilos
233 1845 365 1902 contra
391 1825 619 1918 Religionem
642 1828 765 1902 l'uille:
801 1853 834 1902 2.
862 1827 1073 1902 exiliimalle

135 1929 256 2001 ambos
282 1927 353 2000 hos
382 1924 672 2000 nal'centissetlae
694 1925 985 2022 Antesrgnanm,
1009 1949 1074 2000 ne-

135 2025 317 2100 cellarium
342 2023 438 2108 elle,
466 2035 517 2097 ut‘
531 2024 578 2098 ad
602 2035 773 2100 munium
793 2026 888 2100 inter
907 2025 940 2097 l'e
963 2024 1075 2100 coilo-

135 2125 251 2218 quium
292 2124 491 2196 venirent:
530 2149 564 2218 3.
588 2146 651 2197 eos
687 2122 799 2221 reipsa
836 2123 1071 2210 convenill'e,

134 2221 165 2298 d
188 2222 395 2298 collocutos
430 2219 548 2307 luiiie,
594 2247 631 2319 4.
645 2222 1071 2307 nonneminemillorum,

134 2325 185 2417 qui
208 2320 467 2396 conventiculo
497 2320 715 2406 interfuere,
754 2320 903 2395 mutaile
929 2321 1071 2394 lenten-

135 2433 241 2498 bam,
270 2420 334 2502 id,
366 2419 462 2514 quod
488 2419 618 2494 ceteris
651 2421 885 2493 veliementer
906 2442 950 2493 ea
976 2418 1074 2491 dese-

134 2521 242 2592 itione
268 2519 464 2591 commotis
485 2539 656 2610 magnam
679 2518 984 2614 perturbationem
1015 2531 1073 2591 at-

134 2617 270 2691 tuliil'et.
326 2615 403 2688 En!
428 2615 609 2712 quomodo
621 2638 667 2687 ex
680 2615 1071 2712 commemoratisEpi-

133 2711 244 2798 ltoiis,
272 2737 366 2811 quas
387 2713 576 2788 Previllius
602 2711 657 2810 (ἦ)
678 2714 716 2786 in
731 2713 849 2786 lucem
874 2711 1006 2798 edidit,
1031 2713 1071 2789 dc

133 2837 283 2906 anuum
309 2813 592 2909 autographam
628 2811 789 2906 Collegio
815 2811 989 2884 Ludovici
1016 2815 1069 2887 nl.

133 2909 266 2988 Paritiis
289 2911 448 3008 depolita
473 2910 578 2999 sunt,
617 2909 679 2987 sua
704 2912 763 2986 ille
785 2926 1001 3002 argumenta
1025 2934 1070 2984 ac

131 3012 358 3112 probationes
380 3023 494 3085 eruat.

222 3211 251 3286 Ι.
280 3205 497 3304 conspiratio
520 3206 592 3300 suit
631 3219 745 3281 contro
768 3206 956 3303 religionem
981 3204 1069 3280 inter
1157 3185 1160 3200 ⁵

86 3305 91 3466 D
135 3307 361 3405 Mysorum
386 3303 427 3383 δ’
452 3301 681 3407 jansenium.
708 3308 766 3398 qui
788 3305 911 3402 tensior
930 3303 1071 3403 urceffa·

133 3431 207 3488 num
236 3434 252 3481 r
281 3432 325 3490 e,
355 3411 438 3477 alios
461 3405 617 3500 quoidam
637 3401 696 3494 fibi
724 3408 913 3500 adjungere.

86 3470 91 3570 i
220 3565 243 3594 „
266 3502 462 3601 Conjnrati
486 3504 524 3578 hi
548 3505 625 3602 (ait
655 3499 851 3597 Filiorins)
887 3519 968 3574 cnm
998 3522 1071 3608 ¹.¹⁰.¹¹

86 3583 89 3616 Ι
134 3659 151 3686 2·
170 3608 204 3682 id
234 3605 496 3682 intenderent.
524 3621 564 3676 ut
590 3625 674 3674 vera
699 3601 881 3692 religionis
898 3599 1073 3706 principia

133 3759 149 3790 .,
168 3709 393 3815 stabilirent,
420 3699 479 3811 sed
505 3725 572 3784 ea,
601 3721 683 3812 quae
713 3723 791 3772 rerer
820 3697 907 3811 inies
924 3721 959 3768 m
975 3695 1073 3802 lnnrc

87 3883 89 3900 ,
135 3857 150 3882 ι.
168 3809 348 3884 mnndum
374 3800 524 3884 intulit,
551 3800 770 3876 destruerent
786 3855 794 3878 ,
810 3795 845 3871 d·
867 3793 1070 3868 hrcleliam.
