2492 4509
358 715 605 823 manento.
655 711 749 799 Pars
770 714 844 805 111.
954 723 959 732 “
992 685 1066 827 nso

112 931 215 1016 tnim
228 887 231 896 Ι
246 929 433 1036 principiis
470 925 616 1014 fifides
645 937 835 1036 ,habeatur
869 993 879 1027 ,
918 935 1063 1019 ca'usam

118 1037 271 1120 omnino
294 1035 432 1112 habent
455 1035 683 1138 Jansenistae,
702 1061 851 1125 omnes,
877 1059 969 1138 quos
986 1037 1067 1139 pos·

120 1135 227 1225 funt,
258 1133 305 1211 ab
329 1157 373 1211 ea
388 1136 534 1211 arcendi
551 1159 562 1230 3
587 1135 626 1213 δι
646 1138 861 1212 temerarius
897 1136 966 1226 sit,
986 1161 1068 1213 ne·

93 1235 214 1334 [nesse
241 1232 316 1320 est,
375 1231 414 1308 ui
450 1257 514 1342 per
538 1259 687 1312 onmem
716 1237 834 1312 vitam
870 1234 972 1314 suam
1009 1238 1068 1314 vel

92 1331 230 1414 ‘fetuel
253 1333 302 1410 ad
340 1333 347 1346 '
472 1335 652 1410 accedere·
666 1331 767 1411 ausit.

92 1421 96 1498 i
224 1463 415 1578 Hndenns
437 1463 540 1578 distis
574 1465 723 1544 Author
747 1465 984 1563 colloquiorum
996 1490 1072 1543 non

92 1611 96 1694 k
126 1563 271 1646 obsone
315 1563 474 1663 prodidit
497 1619 507 1652 ,
527 1589 617 1664 ,quo
649 1567 856 1664 pertineant
889 1565 952 1643 sua
989 1565 1071 1642 haec
1113 1604 1128 1629 κ

92 1713 95 1762 ᾖ
127 1667 318 1764 dngrnntm
344 1663 441 1761 quod
462 1663 574 1764 JEsus
599 1664 763 1742 Christus
784 1665 1012 1765 recipiendus
1026 1664 1072 1740 fit

92 1771 98 1830 i
128 1787 208 1854 en,
246 1763 304 1861 qni
340 1763 441 1875 ipris
475 1766 652 1866 Mojestari
689 1765 896 1878 convenior,
934 1764 1070 1850 modo,

128 1883 360 2060 &iiiiii
378 1871 482 2036 riis:
495 1857 808 2059 qssriioriffiiiliii
826 1861 939 2060 iiiii
957 1885 1075 2038 initii-

129 2073 211 2148 tus,
237 2057 276 2137 δι
310 2079 425 2156 purus
451 2057 516 2146 fit,
553 2085 596 2136 ac
620 2059 808 2157 Angelum
844 2062 872 2140 S
896 2060 1072 2136 Commu·

130 2161 239 2236 nione
261 2158 431 2253 indignus
451 2157 583 2233 censeri
605 2160 755 2236 debent:
775 2161 872 2257 quod
901 2161 1075 2235 innocen-

102 2333 106 2340 ,
129 2261 218 2336 tiam
245 2281 319 2331 non
343 2256 454 2334 modo
474 2282 496 2330 o
520 2261 644 2354 peccati
678 2261 750 2334 iabe
791 2283 978 2344 immunem,
1013 2255 1074 2330 sed

130 2350 488 2434 eminentiffimarmn
509 2359 621 2431 etiam
645 2358 825 2433 virtutum
849 2356 1075 2432 ornamentis

133 2456 326 2556 praeditnm
350 2452 435 2538 effe,
462 2453 501 2528 de
526 2457 563 2529 in
589 2456 752 2532 medium
776 2455 909 2531 caelum
933 2455 1078 2530 evolare

107 2567 324 2654 oporteat,
348 2564 392 2626 ut
416 2551 526 2647 digna
548 2554 673 2627 haberi
701 2553 829 2650 poffit,
856 2574 937 2648 quae
952 2551 1079 2646 Ange·

132 2653 198 2732 lim
225 2652 322 2749 dape
348 2649 539 2726 reficiatur.
593 2654 731 2727 Omnes
755 2652 816 2727 hae
842 2648 985 2748 phrases
1004 2648 1078 2724 cal-

132 2751 204 2828 lida
230 2749 408 2834 audacia,
435 2751 531 2848 qnosr
559 2751 711 2826 fortuito
735 2751 773 2826 in
785 2771 933 2826 omnem
958 2748 1086 2825 casum.

132 2849 328 2952 projestae,
371 2849 525 2923 totidem
550 2851 684 2946 gradus
726 2849 829 2934 sunt,
866 2872 929 2947 per
965 2870 1078 2945 qum,

113 2950 245 3026 ¹niodo
282 2949 539 3023 haereticorum
565 2950 736 3046 proprio,
771 2947 923 3044 denique
956 2947 1082 3021 inenu-

134 3063 193 3124 tos
218 3044 347 3122 senfim
371 3045 443 3122 fine
457 3047 555 3121 sensu
573 3049 618 3121 ad
639 3048 810 3122 ultimum
824 3046 969 3120 deducit
985 3045 1082 3154 prin-

121 3147 297 3248 .tipium‚
337 3146 502 3241 aquosi
528 3146 729 3244 perversam
759 3145 955 3220 doiirinnm
982 3150 1082 3215 inam

137 3243 286 3322 exorsus
311 3240 419 3329 effet,
446 3249 610 3319 onmium
635 3246 673 3317 in
702 3244 736 3317 se
761 3245 904 3318 animos
922 3242 1083 3336 graviter

140 3340 371 3434 mncitaffet;
398 3343 612 3441 principium
634 3356 760 3418 autem
783 3340 876 3416 istud
898 3342 969 3425 est,
1000 3362 1083 3412 eom

137 3443 182 3522 nd
212 3443 253 3519 S.
281 3441 634 3518 Communionema
666 3443 770 3517 nobis
798 3438 1022 3514 sanititatem
1047 3435 1086 3512 δι

129 3539 398 3642 -persestionem
431 3539 655 3630 afferendam
697 3539 796 3625 effe,
837 3537 953 3635 qualis
996 3533 1088 3635 JEsu

140 3637 273 3718 Christi
296 3637 392 3722 fuit..
429 3639 507 3728 En,
535 3664 645 3736 quam
661 3639 815 3717 dilucide
827 3638 864 3712 id
876 3635 981 3711 nobis
1000 3631 1089 3708 edii-

128 3737 231 3820 'ferat
258 3761 341 3835 pag.
371 3743 418 3826 69
459 3795 481 3827 „
526 3739 745 3816 Communio
786 3735 958 3835 Corporis
996 3731 1090 3832 JEsu

139 3893 162 3932 „
188 3835 324 3916 Christi
340 3863 416 3912 non
428 3839 573 3915 modoa
594 3841 698 3915 nobis
722 3836 836 3934 exigit
862 3831 1090 3910 communio*

141 3987 163 4028 ,,
188 3961 279 4016 nem
320 3958 405 4014 curn
438 3937 546 4036 ipfius
565 3937 713 4037 spiritu,
745 3959 792 4012 ne
815 3930 1010 4010 monstrosa
1034 3928 1093 4002 ina

143 4033 164 4126 ι’,
191 4037 376 4122 tovenat
398 4037 579 4213 tudusRab
593 4034 886 4129 alterodffenfio
904 4033 966 4114 sed
982 4029 1107 4114 ettam

410 4201 413 4206 ·
569 4161 593 4222 3
748 4231 751 4236 ,
919 4195 945 4238 „
962 4161 1061 4228 cum
