2492 4509
356 479 362 490 ι
603 482 606 491 ι

232 509 235 514 .
1026 497 1028 504 “
1135 503 1138 514 ι

263 632 293 702 i:
321 591 614 728 mm
656 547 829 727 Psilis
956 555 1053 734 ap
1091 593 1144 736 ..‘‚

146 815 219 896 ire:
242 810 508 916 credulitatem,
524 809 735 911 hujusmodi
756 813 880 896 vocati
901 819 1048 900 acon-

146 907 249 990 ciliis
263 909 507 1019 execrabilem
522 914 788 1008 temeritatem,
814 913 1047 1016 &arrogan-
1141 979 1144 988 .

146 1011 299 1103 tiam„
343 1009 543 1100 Paululum
575 1012 738 1110 audaciae
765 1035 866 1111 opus
890 1013 964 1106 est,
1000 1019 1047 1099 ut'
1110 1101 1112 1106 ,

146 1109 194 1202 nis¹
224 1135 323 1190 novo
358 1110 431 1186 hoc
463 1131 565 1186 more
593 1109 701 1189 testes
737 1109 894 1226 appellet
918 1120 1066 1196 omnia.
1123 1167 1127 1186 .

146 1208 292 1300 anciliae
310 1209 399 1304 boni
423 1205 653 1310 &implices
671 1209 860 1296 hommes,
884 1236 1040 1311 quorum

146 1305 352 1406 lrihicliber
367 1305 519 1412 scriptus
542 1303 614 1396 est,
643 1307 750 1398 facile
766 1307 1039 1402 ‘'fideautho·
1068 1392 1071 1398 ,
1105 1383 1108 1393 .

146 1403 394 1488 sidasserentis
405 1403 639 1510 acquiescent.
788 1447 790 1452 ·
875 1449 882 1464 ·
935 1421 937 1426 ·
1135 1419 1142 1440 ·’

192 1637 308 1716 Paulo
337 1635 487 1715 inferius
523 1637 786 1716 authoritatem
821 1637 1034 1722 Tertulliani

147 1733 391 1851 &Augustini
404 1738 517 1814 errori
540 1735 765 1850 obtendens,
794 1737 923 1826 docet,
948 1743 1034 1839 pec-
1127 1762 1142 1836 J

146 1851 260 1923 mmm
306 1858 459 1914 remam
493 1860 516 1913 a
561 1836 667 1913 nobrs
718 1838 756 1911 in
772 1915 776 1924 ,
791 1840 902 1930 'omni
954 1839 1033 1916 vita
1075 1849 1084 1932 ’,

146 1933 210 2012 sira
232 1960 308 2011 non
331 1933 396 2010 nifi
418 1934 526 2010 semel
553 1992 563 2023 ‚
606 1935 646 2011 δι
670 1955 856 2032 nunquam
885 1935 1032 2034 posthac

146 2035 249 2133 ptius
269 2035 423 2111 obtineri
438 2033 541 2133 posse.
578 2032 769 2110 Perversus
788 2034 849 2109 hic
873 2035 963 2115 liber
991 2038 1048 2113 in'

146 2135 255 2209 mium
295 2133 413 2209 haeret
450 2133 644 2220 manibus,
681 2156 748 2208 nec
785 2131 847 2207 nist
873 2134 1029 2232 propriis

146 2232 204 2312 alis
230 2256 322 2331 opus
341 2231 400 2319 est,
424 2246 467 2310 ut
490 2232 700 2318 videamuS‚
725 2252 883 2306 errorem
899 2233 1027 2333 hunc,
1134 2240 1140 2256 ‘

155 2331 317 2427 agendos
330 2329 369 2405 in
385 2330 668 2429 desperationem
686 2331 829 2405 animos
841 2346 972 2407 natum
985 2330 1026 2408 tic

146 2429 247 2516 lum,
283 2427 534 2505 differtiffimis.
548 2430 587 2502 in
610 2450 655 2502 eo
679 2426 879 2525 expressum
904 2430 1027 2506 verbis
1094 2469 1100 2480 ·

146 2525 242 2602 aliare
253 2551 266 2621 ;
317 2529 381 2603 uin
410 2551 497 2623 ergo
527 2524 710 2602 sumamus
736 2525 842 2600 nobis
864 2527 1027 2604 laborem
1097 2613 1099 2618 ,

146 2626 274 2702 luendi
292 2552 412 2704 larris
425 2629 450 2701 l.
481 2639 590 2723 caput
603 2652 638 2722 7.
655 2625 714 2699 ubi
741 2624 823 2698 haec
843 2625 952 2700 verba
971 2625 1024 2700 le·
1053 2672 1058 2698 1

146 2746 235 2802 nus:
262 2723 511 2824 „Perpendite
526 2722 708 2822 ,„quaes0,
740 2720 936 2798 Ecclesiam
952 2726 1027 2822 pri·

146 2822 348 2900 nissaeculis
365 2826 521 2920 gratiam
540 2821 844 2898 reconciliationis
860 2839 926 2920 pro
940 2845 1024 2920 pec·

146 2922 403 3018 atisgravibus
421 2920 567 2997 nonnisi
579 2918 883 2997 semelindulsrsse.
907 2919 1021 3008 Deus,

146 3020 184 3094 ait
195 3021 463 3108 'rotumam
488 3019 626 3096 inimici
646 3017 754 3094 nostri
767 3017 913 3095 fraudes
929 3041 1025 3116 prae-

146 3116 281 3205 tidens,
308 3120 447 3204 voluit,
485 3133 528 3194 ut
543 3116 620 3216 post
645 3115 822 3193 occlusam
843 3114 1023 3215 Baptismi

146 3229 274 3312 portam
296 3213 485 3316 superesset
506 3217 644 3302 altera,
670 3215 834 3291 secundae
847 3214 1022 3292 nimirum
1064 3227 1066 3232 ’

146 3317 365 3490 ᾒηξῖιὲῐίκ,
383 3339 464 3414 quae
476 3313 758 3513 apsersandpessgct
771 3311 1018 3484 pulfpantibuffi

290 3438 335 3506 en
368 3440 435 3489 mn
460 3439 519 3489 arr
575 3438 679 3501 eme,
776 3436 822 3509 po
852 3435 896 3486 ea
934 3436 1022 3485 nun·
1124 3456 1144 3505 ‚‹

146 3533 227 3606 amm
261 3513 413 3610 amplius.
488 3510 551 3587 An
581 3510 679 3587 enim
713 3535 788 3585 non
820 3508 906 3583 satis
939 3533 1019 3584 ma-

146 3629 243 3701 gnum
283 3609 366 3686 DEI
406 3610 621 3687 beneficium
659 3607 740 3696 est,
793 3608 890 3704 quod
921 3608 1019 3683 hanc

146 3710 235 3782 nobis
248 3705 403 3805 gratiam
416 3711 473 3804 uel
489 3706 751 3783 sernelsaciat‘?
775 3749 818 3762 ·-
844 3707 1018 3804 Sapiente

146 3801 326 3912 &salutari
340 3809 564 3893 oeconomia,
588 3809 625 3883 S.
641 3804 863 3902 Augustinus
878 3805 1014 3901 inquit,

146 3921 176 3976 tn
193 3905 344 3985 Ecclesia
373 3907 605 3985 constitutum
629 3904 702 3991 est,
737 3918 778 3978 ut
805 3917 1015 4001 peccatores

518 4006 592 4100 Qa
847 4057 870 4091 „
894 4023 973 4078 non
