2492 4509
427 639 526 718 ιο
721 621 993 706 Veritas
1043 621 1313 727 Confidis·
1382 565 1805 728 Bmssosm
1852 622 2013 708 initi
2104 575 2115 610 ²

426 844 738 920 rentiam
780 839 1196 942 ingerebat,
1245 843 1411 940 quae'
1468 867 1617 920 non
1666 803 1951 940 segnius
1998 839 2305 924 easdem

431 943 524 1020 ab
554 940 680 1018 usu
705 939 921 1037 hujus
949 941 1401 1016 Sacramenti
1423 941 1891 1018 abstrahebat.

467 1065 474 1072 ·
633 1037 812 1138 Vult
833 1062 1006 1135 ergo
1035 1033 1499 1135 Sancyrauus
1515 1095 1533 1125 ,
1587 1054 1673 1115 ut
1706 1055 1835 1116 aut
1866 1041 2307 1120 Sam-amena

429 1142 492 1216 ti
537 1135 989 1213 Poenitentiae
1037 1138 1281 1218 nullus
1332 1135 1496 1233 usus
1551 1137 1635 1214 fit
1672 1191 1691 1225 ‚
1763 1141 1931 1236 quia
1972 1141 2115 1216 hoc
2164 1144 2307 1220 Sa-

429 1249 887 1314 cramentum
939 1234 1037 1310 est
1081 1236 1379 1328 inutile3
1432 1253 1563 1312 aut
1609 1236 1821 1334 fiquis
1872 1263 1959 1312 eo
2002 1241 2111 1314 uti
2174 1265 2307 1317 ve·

431 1338 521 1413 lit
545 1392 565 1424 ,
617 1336 761 1412 hoc
809 1334 953 1434 ipso
1010 1334 1139 1409 fiat
1178 1334 1434 1409 inutile
1459 1387 1478 1422 ‚
1535 1336 1703 1432 quia
1744 1336 1937 1411 illius
1990 1337 2159 1414 usus
2204 1331 2309 1414 est

430 1446 590 1512 tam
659 1431 964 1508 difficilis
990 1487 1010 1519 ,
1061 1445 1146 1509 ut
1189 1454 1409 1530 prope
1464 1433 1541 1507 in
1591 1455 1773 1532 opus
1844 1436 2101 1509 deduci
2150 1459 2307 1513 non

431 1530 676 1634 poffit:
728 1533 802 1606 id
849 1530 946 1604 est
973 1586 993 1618 ,
1054 1531 1213 1606 vult
1265 1532 1598 1607 omnibus
1650 1531 1906 1606 Christi
1970 1534 2311 1612 fidelibus

435 1655 608 1708 eum
676 1628 894 1726 hujus
961 1627 1414 1706 sacramenti
1461 1644 1752 1704 contem
1803 1645 1963 1706 tum
2006 1633 2313 1728 ingene-

435 1752 599 1806 rare
624 1785 643 1814 ,
696 1753 839 1825 quo
892 1727 1188 1825 ipsemet
1265 1726 1651 1804 laborabat.
1826 1753 2037 1806 evera
2084 1729 2325 1829 hujus,

437 1825 890 1904 Sacramenti
974 1825 1379 1923 profanatio
1425 1877 1446 1909 ‚
1522 1846 1749 1923 eaque
1828 1829 2047 1902 modo
2127 1852 2319 1926 quo—

439 1927 616 2001 dam
709 1923 1045 2019 sacrilego
1115 1937 1525 2021 perpetrata
1573 1975 1593 2012 ,
1669 1923 2092 2022 Sancyrano
2178 1951 2321 2026 pro

439 2024 612 2100 ludo
661 2021 738 2098 δι
793 2021 960 2118 joco
1023 2043 1199 2096 erat.
1354 2019 1797 2117 Argumenti
1861 2025 2022 2100 loco
2097 2031 2241 2100 erit
2291 2077 2315 2116 ‚

443 2120 636 2221 quod
677 2120 926 2197 Abbas
993 2117 1400 2233 Prierenfish
1423 2144 1517 2233 ef:
1563 2121 1798 2233 {orma
1856 2119 2041 2217 juris
2100 2123 2323 2212 testa·
