2492 4509
191 601 196 608 ’
342 638 694 742 nemmem
723 583 786 724 rr.
885 595 1011 745 'rsa
1105 681 1121 700 ·

146 885 204 940 το,
241 879 312 954 quo
334 855 423 930 iliud
457 857 604 934 ierunt.
630 857 792 958 Episcopi
826 880 859 934 :.
884 851 1012 934 irritem

146 953 450 1057 rjanl'enistarum
470 957 670 1043 semmua,
696 958 778 1034 haec
802 957 1011 1050 novaCon-
1124 955 1129 968 '

146 1079 164 1128 3
188 1055 320 1156 statuta
342 1055 402 1126 lex
427 1054 476 1128 est
483 1079 494 1148 3
521 1055 559 1131 dr
574 1072 615 1131 ut
636 1057 927 1132 commentitium
941 1055 1011 1130 hoc

147 1153 381 1251 presbyteris·
400 1167 522 1228 ratum
552 1179 596 1229 ac
621 1155 769 1231 firmum
791 1153 870 1254 srq,
920 1141 1012 1229 nihil

146 1256 224 1328 rino
258 1266 428 1327 verentur
450 1254 580 1327 audaci
627 1254 816 1329 mendacio
849 1252 1015 1328 vendita·

168 1374 250 1425 eam
274 1348 410 1446 semper
430 1350 532 1426 inille
569 1351 737 1428 Ecclesrae
792 1349 1016 1434 consuetudi·

146 1475 174 1540 ι,
198 1464 242 1524 ut
265 1450 465 1546 presbyteri
479 1450 516 1524 in
529 1449 701 1526 Conciliis
727 1449 911 1550 Epilcopis
938 1445 1017 1524 affl·
1115 1455 1118 1460 ’

146 1549 388 1646 ÷Juberentur
402 1547 462 1644 (n)
495 1547 592 1634 „Vix
617 1561 803 1642 occurret,
832 1547 1014 1646 inquiunt,

146 1645 358 1730 mucidum,
406 1646 518 1722 etiam
542 1647 782 1737 Universale‚
833 1647 881 1722 ad
919 1644 1017 1745 qu'od
1136 1719 1140 1724 .

146 1743 329 1839 resbyteri
349 1748 468 1818 vocati
484 1769 557 1820 non
575 1745 641 1821 imt
652 1772 663 1841 ;
708 1748 812 1846 isque
846 1744 1015 1843 perennis

146 1865 272 1940 uoque
296 1864 377 1914 mos
402 1829 649 1930 obtinueras<
689 1859 732 1920 ut
758 1845 958 1943 presbyteri
982 1845 1022 1918 in

151 1942 190 2016 is
215 1941 453 2014 conventibus
486 1963 718 2018 communem
759 1967 843 2019 cum
875 1942 1020 2039 Episco-

146 2039 186 2114 is
210 2038 326 2113 sedem
352 2039 534 2114 habereut.
578 2039 637 2138 (o)
660 2043 699 2116 Si
726 2044 784 2117 cui
801 2042 938 2115 luberet
964 2042 1018 2114 rei

146 2141 216 2215 uic
230 2137 452 2211 enucleatius
469 2137 661 2214 trailandae
684 2142 848 2213 animum
868 2138 1017 2212 adhibe·

146 2259 184 2324 e,
206 2236 373 2312 iacileilli
394 2235 514 2324 roret,
539 2237 711 2331 legitimis
735 2238 884 2312 omuino
907 2236 1020 2312 docu-

146 2338 268 2411 uentis
283 2331 487 2420 ostendere,
526 2335 686 2412 Paliores
713 2333 856 2409 secundi
886 2333 1024 2408 ordinis

146 2455 175 2508 u
197 2434 255 2508 his
275 2431 419 2528 judiciis
445 2485 453 2518 ,
502 2433 805 2529 quemadmodum
831 2433 868 2505 in
894 2431 1026 2505 celebri

146 2527 302 2608 loncilio
322 2530 600 2627 Apostolorum,
629 2529 786 2627 suffragii
808 2527 947 2604 decifivi
965 2526 1029 2626 jus

146 2630 305 2714 rabuilie,
328 2629 424 2725 quod
448 2643 486 2703 ut
507 2630 579 2703 illis
606 2629 692 2720 eil'et
728 2644 967 2727 perpetuum,
992 2627 1030 2701 in
1128 2639 1131 2648 '

146 2723 313 2806 :oscillis
339 2729 467 2801 deinde
489 2729 716 2824 generalibus
754 2728 900 2812 Pisano,
934 2724 1033 2801 Con-

146 2820 327 2912 iantienli,
341 2824 526 2901 Balileenli
544 2827 624 2923 lege
648 2841 796 2903 cautum
810 2825 890 2902 luit.
905 2863 922 2881 ·
946 2863 964 2881 ·
982 2865 999 2881 ·
1014 2864 1033 2882 ·

146 2941 151 2988 l
171 2983 193 3013 „
208 2927 283 3002 Cur
294 2927 403 3022 igitur
414 2928 519 3023 presb
549 2927 615 3000 teri
631 2921 929 3024 nequeanltestes
946 2946 1033 3018 age·
1122 2963 1125 2976 =

146 3041 184 3131 fe
203 3026 248 3099 de
262 2949 545 3098 fiderjccrefiael
564 3038 629 3100 aut
642 3027 724 3121 qiiae
738 3037 841 3100 tanta
858 3019 1033 3096 inhaere

146 3123 399 3198 interillos&
426 3120 617 3221 Episcopos
653 3121 854 3198 diilerentia
878 3117 945 3193 elie
970 3139 1037 3213 po·

154 3222 222 3297 test
235 3221 266 3308 ,⁸
284 3221 347 3295 niir
360 3221 456 3318 quod
469 3221 672 3318 presbyteri
695 3220 789 3296 forte
808 3242 881 3295 non
907 3214 1036 3290 eadem

148 3341 225 3395 rem
250 3320 436 3394 decidendi
462 3318 635 3414 potestate
659 3321 802 3395 valeant
843 3370 853 3404 ,
901 3326 1038 3411 quanta

156 3419 316 3518 Episcopi
329 3442 338 3510 ;
366 3440 571 3514 quanquam
594 3420 761 3494 omnibus
793 3415 839 3489 ad
861 3411 1039 3488 tuendum

153 3518 234 3593 fidei
259 3516 456 3614 depositum
488 3538 596 3589 voces
636 3539 678 3590 ac
706 3518 800 3591 vires
833 3508 1040 3608 jungendae,

156 3639 271 3714 neque
294 3616 339 3690 ab
364 3612 545 3711 Episcopis
574 3613 799 3689 statuendum
837 3607 972 3705 aliquid
997 3605 1039 3680 srt
1112 3641 1117 3654 ·

156 3717 290 3812 absque
302 3712 445 3788 consriio
467 3712 507 3789 dr
534 3710 708 3787 sententia
736 3709 1042 3810 presbyterorum.

161 3819 235 3896 Vni.
255 3819 302 3887 ll.
553 3809 645 3907 (Y)
894 3803 999 3906 Prin-¹

153 4012 211 4092 (n).
228 4010 304 4078 ibid.
325 4029 396 4095 pag.
409 4014 460 4081 80.
510 4005 558 4092 (ο)
576 4006 655 4075 lbld.
686 4025 758 4089 pag.
789 4026 839 4091 92.
880 4004 935 4089 (p)
964 4001 1050 4068 lbid.
