<?xml version="1.0" encoding="UTF-8"?>
<!DOCTYPE html PUBLIC "-//W3C//DTD XHTML 1.0 Transitional//EN"
    "http://www.w3.org/TR/xhtml1/DTD/xhtml1-transitional.dtd">
<html xmlns="http://www.w3.org/1999/xhtml" xml:lang="en" lang="en">
 <head>
  <title>
</title>
<meta http-equiv="Content-Type" content="text/html;charset=utf-8" />
  <meta name='ocr-system' content='tesseract 3.04.00' />
  <meta name='ocr-capabilities' content='ocr_page ocr_carea ocr_par ocr_line ocrx_word'/>
</head>
<body>
  <div class='ocr_page' id='page_1' title='image "./veritasconsilii00unkngoog_0343.png"; bbox 0 0 2492 4509; ppageno 0'>
   <div class='ocr_carea' id='block_1_1' title="bbox 99 507 240 552">
    <p class='ocr_par' dir='ltr' id='par_1_1' title="bbox 99 507 240 552">
     <span class='ocr_line' id='line_1_1' title="bbox 99 507 109 520; baseline 0 -3"><span class='ocrx_word' id='word_1_1' title='bbox 99 507 109 520; x_wconf 68' lang='grc' dir='ltr'><strong>ρ</strong></span> 
     </span>
     <span class='ocr_line' id='line_1_2' title="bbox 234 541 240 552; baseline 0 0"><span class='ocrx_word' id='word_1_2' title='bbox 234 541 240 552; x_wconf 70' lang='lat' dir='ltr'><em>t</em></span> 
     </span>
    </p>
   </div>
   <div class='ocr_carea' id='block_1_2' title="bbox 237 649 1070 828">
    <p class='ocr_par' dir='ltr' id='par_1_2' title="bbox 237 649 1166 828">
     <span class='ocr_line' id='line_1_3' title="bbox 237 649 1070 828; baseline 0.004 -65"><span class='ocrx_word' id='word_1_3' title='bbox 237 653 596 828; x_wconf 25' lang='lat' dir='ltr'><strong>livium&amp;</strong></span> <span class='ocrx_word' id='word_1_4' title='bbox 644 649 826 770; x_wconf 72' lang='lat' dir='ltr'><strong>Parsrll</strong></span> <span class='ocrx_word' id='word_1_5' title='bbox 865 655 896 716; x_wconf 69' lang='grc' dir='ltr'><strong> </strong></span> <span class='ocrx_word' id='word_1_6' title='bbox 998 717 1070 788; x_wconf 74' lang='grc'><strong>309</strong></span> 
     </span>
    </p>
   </div>
   <div class='ocr_carea' id='block_1_3' title="bbox 136 895 1072 1308">
    <p class='ocr_par' dir='ltr' id='par_1_3' title="bbox 136 895 1072 1308">
     <span class='ocr_line' id='line_1_4' title="bbox 136 895 1072 999; baseline -0.004 -19"><span class='ocrx_word' id='word_1_7' title='bbox 136 901 172 980; x_wconf 83' lang='lat' dir='ltr'><strong>ri</strong></span> <span class='ocrx_word' id='word_1_8' title='bbox 199 898 362 990; x_wconf 75' lang='lat' dir='ltr'><strong>,inimici</strong></span> <span class='ocrx_word' id='word_1_9' title='bbox 375 899 439 975; x_wconf 74' lang='lat' dir='ltr'><strong>mci</strong></span> <span class='ocrx_word' id='word_1_10' title='bbox 461 895 747 997; x_wconf 73' lang='lat' dir='ltr'><strong>comminiscantur</strong></span> <span class='ocrx_word' id='word_1_11' title='bbox 770 898 895 996; x_wconf 74' lang='lat' dir='ltr'><strong>varja,</strong></span> <span class='ocrx_word' id='word_1_12' title='bbox 920 897 1072 999; x_wconf 71' lang='lat' dir='ltr'><strong>&amp;spera</strong></span> 
     </span>
     <span class='ocr_line' id='line_1_5' title="bbox 138 991 1068 1101; baseline 0.003 -27"><span class='ocrx_word' id='word_1_13' title='bbox 138 1011 223 1101; x_wconf 75' lang='lat' dir='ltr'><strong>gnae</strong></span> <span class='ocrx_word' id='word_1_14' title='bbox 265 1001 300 1074; x_wconf 83' lang='lat' dir='ltr'><strong>ia</strong></span> <span class='ocrx_word' id='word_1_15' title='bbox 334 1005 481 1096; x_wconf 73' lang='lat' dir='ltr'><strong>vulgus,</strong></span> <span class='ocrx_word' id='word_1_16' title='bbox 517 1021 566 1070; x_wconf 81' lang='lat' dir='ltr'><strong>me</strong></span> <span class='ocrx_word' id='word_1_17' title='bbox 604 999 705 1096; x_wconf 74' lang='lat' dir='ltr'><strong>instar</strong></span> <span class='ocrx_word' id='word_1_18' title='bbox 739 991 929 1094; x_wconf 66' lang='lat' dir='ltr'><strong>Hagnous·</strong></span> <span class='ocrx_word' id='word_1_19' title='bbox 948 999 1068 1098; x_wconf 70' lang='lat' dir='ltr'><strong>obrr&#39;ffe.</strong></span> 
     </span>
     <span class='ocr_line' id='line_1_6' title="bbox 138 1093 1069 1194; baseline 0.004 -23"><span class='ocrx_word' id='word_1_20' title='bbox 138 1097 283 1176; x_wconf 82' lang='lat' dir='ltr'><strong>Occulti</strong></span> <span class='ocrx_word' id='word_1_21' title='bbox 312 1093 499 1192; x_wconf 67' lang='lat' dir='ltr'><strong>cujusdam</strong></span> <span class='ocrx_word' id='word_1_22' title='bbox 517 1093 751 1182; x_wconf 83' lang='lat' dir='ltr'><strong>Calvinistae,</strong></span> <span class='ocrx_word' id='word_1_23' title='bbox 780 1095 804 1170; x_wconf 86' lang='lat' dir='ltr'><strong>fi</strong></span> <span class='ocrx_word' id='word_1_24' title='bbox 831 1120 896 1194; x_wconf 86' lang='lat' dir='ltr'><strong>par</strong></span> <span class='ocrx_word' id='word_1_25' title='bbox 923 1098 1069 1177; x_wconf 74' lang='lat' dir='ltr'><strong>suberret</strong></span> 
     </span>
     <span class='ocr_line' id='line_1_7' title="bbox 139 1192 1070 1308; baseline 0 -36"><span class='ocrx_word' id='word_1_26' title='bbox 139 1197 250 1276; x_wconf 84' lang='lat' dir='ltr'><strong>ratio:</strong></span> <span class='ocrx_word' id='word_1_27' title='bbox 280 1195 407 1271; x_wconf 85' lang='lat' dir='ltr'><strong>eadem</strong></span> <span class='ocrx_word' id='word_1_28' title='bbox 430 1192 522 1268; x_wconf 90' lang='lat' dir='ltr'><strong>soret</strong></span> <span class='ocrx_word' id='word_1_29' title='bbox 548 1196 690 1279; x_wconf 87' lang='lat' dir='ltr'><strong>cautio,</strong></span> <span class='ocrx_word' id='word_1_30' title='bbox 717 1217 760 1268; x_wconf 88' lang='lat' dir='ltr'><strong>ac</strong></span> <span class='ocrx_word' id='word_1_31' title='bbox 780 1195 940 1308; x_wconf 78' lang='lat' dir='ltr'><strong>provifio.</strong></span> <span class='ocrx_word' id='word_1_32' title='bbox 993 1197 1070 1272; x_wconf 88' lang='lat' dir='ltr'><strong>Est-</strong></span> 
     </span>
    </p>
   </div>
   <div class='ocr_carea' id='block_1_4' title="bbox 141 1291 1069 1513">
    <p class='ocr_par' dir='ltr' id='par_1_4' title="bbox 141 1291 1069 1513">
     <span class='ocr_line' id='line_1_8' title="bbox 141 1291 1069 1392; baseline 0 -22"><span class='ocrx_word' id='word_1_33' title='bbox 141 1319 183 1370; x_wconf 90' lang='lat' dir='ltr'><strong>ne</strong></span> <span class='ocrx_word' id='word_1_34' title='bbox 198 1307 325 1370; x_wconf 83' lang='lat' dir='ltr'><strong>autem</strong></span> <span class='ocrx_word' id='word_1_35' title='bbox 346 1293 416 1368; x_wconf 93' lang='lat' dir='ltr'><strong>hoc</strong></span> <span class='ocrx_word' id='word_1_36' title='bbox 438 1291 602 1380; x_wconf 86' lang='lat' dir='ltr'><strong>habere,</strong></span> <span class='ocrx_word' id='word_1_37' title='bbox 639 1313 684 1367; x_wconf 85' lang='lat' dir='ltr'><strong>ac</strong></span> <span class='ocrx_word' id='word_1_38' title='bbox 709 1293 868 1392; x_wconf 86' lang='lat' dir='ltr'><strong>prohteri</strong></span> <span class='ocrx_word' id='word_1_39' title='bbox 892 1293 1002 1376; x_wconf 88' lang='lat' dir='ltr'><strong>fidem</strong></span> <span class='ocrx_word' id='word_1_40' title='bbox 1023 1297 1069 1370; x_wconf 89' lang='lat' dir='ltr'><strong>de</strong></span> 
     </span>
     <span class='ocr_line' id='line_1_9' title="bbox 142 1388 406 1513; baseline -0.03 -40"><span class='ocrx_word' id='word_1_41' title='bbox 142 1388 359 1475; x_wconf 85' lang='lat' dir='ltr'><strong>Eucharistia</strong></span> <span class='ocrx_word' id='word_1_42' title='bbox 373 1389 406 1513; x_wconf 31' lang='lat'><strong>2²·</strong></span> 
     </span>
    </p>
   </div>
   <div class='ocr_carea' id='block_1_5' title="bbox 113 1587 1167 3556">
    <p class='ocr_par' dir='ltr' id='par_1_5' title="bbox 113 1587 1066 3346">
     <span class='ocr_line' id='line_1_10' title="bbox 113 1587 1066 1687; baseline 0.003 -22"><span class='ocrx_word' id='word_1_43' title='bbox 113 1590 123 1600; x_wconf 83' lang='grc'><strong><em>”</em></strong></span> <span class='ocrx_word' id='word_1_44' title='bbox 243 1587 384 1665; x_wconf 75' lang='lat' dir='ltr'><strong>Dostor</strong></span> <span class='ocrx_word' id='word_1_45' title='bbox 406 1587 590 1664; x_wconf 88' lang='lat' dir='ltr'><strong>Arnaldus</strong></span> <span class='ocrx_word' id='word_1_46' title='bbox 627 1588 806 1687; x_wconf 72' lang='lat' dir='ltr'><strong>quamodo</strong></span> <span class='ocrx_word' id='word_1_47' title='bbox 846 1589 942 1664; x_wconf 84' lang='lat' dir='ltr'><strong>diem</strong></span> <span class='ocrx_word' id='word_1_48' title='bbox 964 1588 1066 1668; x_wconf 89' lang='lat' dir='ltr'><strong>suum</strong></span> 
     </span>
     <span class='ocr_line' id='line_1_11' title="bbox 145 1685 1066 1786; baseline 0.004 -26"><span class='ocrx_word' id='word_1_49' title='bbox 145 1685 254 1762; x_wconf 73' lang='lat' dir='ltr'><strong>obiit?</strong></span> <span class='ocrx_word' id='word_1_50' title='bbox 277 1685 503 1766; x_wconf 81' lang='lat' dir='ltr'><strong>fideceffiffet</strong></span> <span class='ocrx_word' id='word_1_51' title='bbox 522 1688 593 1762; x_wconf 87' lang='lat' dir='ltr'><strong>fine</strong></span> <span class='ocrx_word' id='word_1_52' title='bbox 605 1687 760 1772; x_wconf 81' lang='lat' dir='ltr'><strong>viatico,</strong></span> <span class='ocrx_word' id='word_1_53' title='bbox 778 1712 826 1764; x_wconf 87' lang='lat' dir='ltr'><strong>an</strong></span> <span class='ocrx_word' id='word_1_54' title='bbox 843 1713 915 1763; x_wconf 90' lang='lat' dir='ltr'><strong>non</strong></span> <span class='ocrx_word' id='word_1_55' title='bbox 928 1690 1066 1786; x_wconf 88' lang='lat' dir='ltr'><strong>pericu·</strong></span> 
     </span>
     <span class='ocr_line' id='line_1_12' title="bbox 144 1783 1066 1883; baseline 0.005 -26"><span class='ocrx_word' id='word_1_56' title='bbox 144 1783 362 1868; x_wconf 83' lang='lat' dir='ltr'><strong>lumfuiffet,</strong></span> <span class='ocrx_word' id='word_1_57' title='bbox 387 1809 434 1861; x_wconf 88' lang='lat' dir='ltr'><strong>ne</strong></span> <span class='ocrx_word' id='word_1_58' title='bbox 460 1787 637 1861; x_wconf 85' lang='lat' dir='ltr'><strong>diceretur</strong></span> <span class='ocrx_word' id='word_1_59' title='bbox 652 1807 776 1882; x_wconf 85' lang='lat' dir='ltr'><strong>aeque,</strong></span> <span class='ocrx_word' id='word_1_60' title='bbox 799 1810 841 1860; x_wconf 91' lang='lat' dir='ltr'><strong>ac</strong></span> <span class='ocrx_word' id='word_1_61' title='bbox 858 1784 963 1883; x_wconf 80' lang='lat' dir='ltr'><strong>ipsius</strong></span> <span class='ocrx_word' id='word_1_62' title='bbox 985 1788 1066 1862; x_wconf 83' lang='lat' dir='ltr'><strong>Ma-</strong></span> 
     </span>
     <span class='ocr_line' id='line_1_13' title="bbox 145 1881 1065 1982; baseline 0.003 -26"><span class='ocrx_word' id='word_1_63' title='bbox 145 1883 238 1978; x_wconf 79' lang='lat' dir='ltr'><strong>gister</strong></span> <span class='ocrx_word' id='word_1_64' title='bbox 261 1887 362 1982; x_wconf 75' lang='lat' dir='ltr'><strong>inflat</strong></span> <span class='ocrx_word' id='word_1_65' title='bbox 387 1883 580 1981; x_wconf 72' lang='lat' dir='ltr'><strong>Enganna</strong></span> <span class='ocrx_word' id='word_1_66' title='bbox 611 1883 722 1982; x_wconf 81' lang='lat' dir='ltr'><strong>nbr&#39;rffl</strong></span> <span class='ocrx_word' id='word_1_67' title='bbox 754 1881 774 1955; x_wconf 71' lang='lat'><strong>,⁹</strong></span> <span class='ocrx_word' id='word_1_68' title='bbox 835 1885 932 1958; x_wconf 92' lang='lat' dir='ltr'><strong>Rece</strong></span> <span class='ocrx_word' id='word_1_69' title='bbox 957 1886 986 1959; x_wconf 91' lang='lat' dir='ltr'><strong>it</strong></span> <span class='ocrx_word' id='word_1_70' title='bbox 1007 1908 1065 1958; x_wconf 93' lang='lat' dir='ltr'><strong>er·</strong></span> 
     </span>
     <span class='ocr_line' id='line_1_14' title="bbox 144 1980 1061 2079; baseline 0.002 -24"><span class='ocrx_word' id='word_1_71' title='bbox 144 2003 183 2074; x_wconf 83' lang='lat' dir='ltr'><strong>go</strong></span> <span class='ocrx_word' id='word_1_72' title='bbox 206 1983 409 2057; x_wconf 87' lang='lat' dir='ltr'><strong>viaticum:</strong></span> <span class='ocrx_word' id='word_1_73' title='bbox 446 1998 485 2058; x_wconf 92' lang='lat' dir='ltr'><strong>at</strong></span> <span class='ocrx_word' id='word_1_74' title='bbox 522 2007 543 2056; x_wconf 91' lang='lat' dir='ltr'><strong>e</strong></span> <span class='ocrx_word' id='word_1_75' title='bbox 568 1980 671 2077; x_wconf 79' lang='lat' dir='ltr'><strong>cuins</strong></span> <span class='ocrx_word' id='word_1_76' title='bbox 696 1981 894 2067; x_wconf 85' lang='lat' dir='ltr'><strong>manibus,</strong></span> <span class='ocrx_word' id='word_1_77' title='bbox 990 2008 1061 2079; x_wconf 82' lang='lat' dir='ltr'><strong>qun</strong></span> 
     </span>
     <span class='ocr_line' id='line_1_15' title="bbox 144 2079 1063 2178; baseline 0.005 -28"><span class='ocrx_word' id='word_1_78' title='bbox 144 2081 244 2154; x_wconf 85' lang='lat' dir='ltr'><strong>animi</strong></span> <span class='ocrx_word' id='word_1_79' title='bbox 268 2079 422 2154; x_wconf 71' lang='lat' dir='ltr'><strong>habitu?</strong></span> <span class='ocrx_word' id='word_1_80' title='bbox 474 2082 527 2154; x_wconf 83' lang='lat' dir='ltr'><strong>En</strong></span> <span class='ocrx_word' id='word_1_81' title='bbox 541 2081 626 2178; x_wconf 91' lang='lat' dir='ltr'><strong>quid</strong></span> <span class='ocrx_word' id='word_1_82' title='bbox 651 2080 695 2152; x_wconf 91' lang='lat' dir='ltr'><strong>de</strong></span> <span class='ocrx_word' id='word_1_83' title='bbox 710 2079 778 2154; x_wconf 92' lang='lat' dir='ltr'><strong>hoc</strong></span> <span class='ocrx_word' id='word_1_84' title='bbox 793 2081 895 2154; x_wconf 90' lang='lat' dir='ltr'><strong>nobis</strong></span> <span class='ocrx_word' id='word_1_85' title='bbox 918 2080 1063 2154; x_wconf 82' lang='lat' dir='ltr'><strong>testetur</strong></span> 
     </span>
     <span class='ocr_line' id='line_1_16' title="bbox 144 2176 1060 2274; baseline -0.003 -21"><span class='ocrx_word' id='word_1_86' title='bbox 144 2176 339 2254; x_wconf 71' lang='lat' dir='ltr'><strong>&#39;Choilius</strong></span> <span class='ocrx_word' id='word_1_87' title='bbox 375 2180 412 2251; x_wconf 90' lang='lat' dir='ltr'><strong>in</strong></span> <span class='ocrx_word' id='word_1_88' title='bbox 435 2177 495 2253; x_wconf 84' lang='lat' dir='ltr'><strong>sua</strong></span> <span class='ocrx_word' id='word_1_89' title='bbox 519 2179 661 2252; x_wconf 81' lang='lat' dir='ltr'><strong>historia</strong></span> <span class='ocrx_word' id='word_1_90' title='bbox 683 2177 919 2252; x_wconf 73' lang='lat' dir='ltr'><strong>licclesrastica</strong></span> <span class='ocrx_word' id='word_1_91' title='bbox 958 2177 1012 2274; x_wconf 86' lang='lat' dir='ltr'><strong>(c)</strong></span> <span class='ocrx_word' id='word_1_92' title='bbox 1039 2233 1060 2264; x_wconf 88' lang='lat'><strong>„</strong></span> 
     </span>
     <span class='ocr_line' id='line_1_17' title="bbox 143 2275 1064 2373; baseline -0.002 -23"><span class='ocrx_word' id='word_1_93' title='bbox 143 2328 162 2362; x_wconf 90' lang='lat'><strong>,‚</strong></span> <span class='ocrx_word' id='word_1_94' title='bbox 184 2275 366 2351; x_wconf 78' lang='lat' dir='ltr'><strong>Arnaldus</strong></span> <span class='ocrx_word' id='word_1_95' title='bbox 392 2292 577 2373; x_wconf 80' lang='lat' dir='ltr'><strong>tantopere</strong></span> <span class='ocrx_word' id='word_1_96' title='bbox 600 2277 808 2358; x_wconf 83' lang='lat' dir='ltr'><strong>verebatur,</strong></span> <span class='ocrx_word' id='word_1_97' title='bbox 835 2301 880 2349; x_wconf 87' lang='lat' dir='ltr'><strong>ne</strong></span> <span class='ocrx_word' id='word_1_98' title='bbox 898 2276 1064 2370; x_wconf 84' lang='lat' dir='ltr'><strong>agnosce·</strong></span> 
     </span>
     <span class='ocr_line' id='line_1_18' title="bbox 142 2373 1062 2470; baseline 0.002 -24"><span class='ocrx_word' id='word_1_99' title='bbox 142 2393 276 2459; x_wconf 86' lang='lat' dir='ltr'><strong>„retur</strong></span> <span class='ocrx_word' id='word_1_100' title='bbox 301 2373 540 2459; x_wconf 87' lang='lat' dir='ltr'><strong>inFlandria‚</strong></span> <span class='ocrx_word' id='word_1_101' title='bbox 568 2374 606 2448; x_wconf 78' lang='lat' dir='ltr'><strong>dt</strong></span> <span class='ocrx_word' id='word_1_102' title='bbox 631 2373 748 2470; x_wconf 86' lang='lat' dir='ltr'><strong>postea</strong></span> <span class='ocrx_word' id='word_1_103' title='bbox 770 2375 816 2448; x_wconf 89' lang='lat' dir='ltr'><strong>ad</strong></span> <span class='ocrx_word' id='word_1_104' title='bbox 839 2374 1062 2448; x_wconf 74' lang='lat' dir='ltr'><strong>rraestandarn</strong></span> 
     </span>
     <span class='ocr_line' id='line_1_19' title="bbox 141 2399 1061 2570; baseline -0.002 -25"><span class='ocrx_word' id='word_1_105' title='bbox 141 2523 161 2556; x_wconf 91' lang='lat'>„</span> <span class='ocrx_word' id='word_1_106' title='bbox 181 2475 324 2570; x_wconf 85' lang='lat' dir='ltr'><strong>plenam</strong></span> <span class='ocrx_word' id='word_1_107' title='bbox 348 2473 511 2547; x_wconf 81' lang='lat' dir='ltr'><strong>Decretis</strong></span> <span class='ocrx_word' id='word_1_108' title='bbox 528 2471 690 2545; x_wconf 79' lang='lat' dir='ltr'><strong>Eccleiiae</strong></span> <span class='ocrx_word' id='word_1_109' title='bbox 709 2399 965 2546; x_wconf 74' lang='lat' dir='ltr'><strong>submiistonem</strong></span> <span class='ocrx_word' id='word_1_110' title='bbox 986 2473 1061 2548; x_wconf 86' lang='lat' dir='ltr'><strong>adi-</strong></span> 
     </span>
     <span class='ocr_line' id='line_1_20' title="bbox 140 2568 1062 2738; baseline -0.001 -94"><span class='ocrx_word' id='word_1_111' title='bbox 140 2625 159 2656; x_wconf 92' lang='lat'><strong>„</strong></span> <span class='ocrx_word' id='word_1_112' title='bbox 183 2588 360 2666; x_wconf 88' lang='lat' dir='ltr'><strong>geretur,</strong></span> <span class='ocrx_word' id='word_1_113' title='bbox 398 2588 475 2654; x_wconf 90' lang='lat' dir='ltr'><strong>ut,</strong></span> <span class='ocrx_word' id='word_1_114' title='bbox 514 2592 597 2643; x_wconf 89' lang='lat' dir='ltr'><strong>curn</strong></span> <span class='ocrx_word' id='word_1_115' title='bbox 622 2569 682 2644; x_wconf 84' lang='lat' dir='ltr'><strong>fibi</strong></span> <span class='ocrx_word' id='word_1_116' title='bbox 712 2568 912 2738; x_wconf 41' lang='lat' dir='ltr'><strong>supernam</strong></span> <span class='ocrx_word' id='word_1_117' title='bbox 936 2571 1062 2643; x_wconf 89' lang='lat' dir='ltr'><strong>horam</strong></span> 
     </span>
     <span class='ocr_line' id='line_1_21' title="bbox 140 2665 1060 2761; baseline -0.005 -18"><span class='ocrx_word' id='word_1_118' title='bbox 140 2722 158 2755; x_wconf 87' lang='lat'><strong>,‚</strong></span> <span class='ocrx_word' id='word_1_119' title='bbox 180 2671 367 2743; x_wconf 84' lang='lat' dir='ltr'><strong>imminere</strong></span> <span class='ocrx_word' id='word_1_120' title='bbox 393 2683 574 2753; x_wconf 86' lang='lat' dir='ltr'><strong>cerneret,</strong></span> <span class='ocrx_word' id='word_1_121' title='bbox 599 2692 672 2740; x_wconf 88' lang='lat' dir='ltr'><strong>nou</strong></span> <span class='ocrx_word' id='word_1_122' title='bbox 703 2691 751 2740; x_wconf 92' lang='lat' dir='ltr'><strong>au</strong></span> <span class='ocrx_word' id='word_1_123' title='bbox 767 2691 807 2739; x_wconf 89' lang='lat' dir='ltr'><strong>us</strong></span> <span class='ocrx_word' id='word_1_124' title='bbox 838 2665 879 2739; x_wconf 79' lang='lat' dir='ltr'><strong>fit</strong></span> <span class='ocrx_word' id='word_1_125' title='bbox 905 2681 1025 2761; x_wconf 89' lang='lat' dir='ltr'><strong>petere</strong></span> <span class='ocrx_word' id='word_1_126' title='bbox 1051 2724 1060 2753; x_wconf 88' lang='lat'><strong>,</strong></span> 
     </span>
     <span class='ocr_line' id='line_1_22' title="bbox 137 2764 1061 2861; baseline -0.001 -20"><span class='ocrx_word' id='word_1_127' title='bbox 137 2821 157 2854; x_wconf 87' lang='lat'><strong>,‚</strong></span> <span class='ocrx_word' id='word_1_128' title='bbox 180 2785 221 2841; x_wconf 88' lang='lat' dir='ltr'><strong>ut</strong></span> <span class='ocrx_word' id='word_1_129' title='bbox 235 2769 282 2841; x_wconf 88' lang='lat' dir='ltr'><strong>ad</strong></span> <span class='ocrx_word' id='word_1_130' title='bbox 297 2767 330 2839; x_wconf 86' lang='lat' dir='ltr'><strong>se</strong></span> <span class='ocrx_word' id='word_1_131' title='bbox 355 2781 563 2841; x_wconf 67' lang='lat' dir='ltr'><strong>evocaretur</strong></span> <span class='ocrx_word' id='word_1_132' title='bbox 587 2764 748 2838; x_wconf 84' lang='lat' dir='ltr'><strong>sacerdos</strong></span> <span class='ocrx_word' id='word_1_133' title='bbox 774 2765 990 2861; x_wconf 85' lang='lat' dir='ltr'><strong>approbatus</strong></span> <span class='ocrx_word' id='word_1_134' title='bbox 1015 2766 1061 2840; x_wconf 90' lang='lat' dir='ltr'><strong>ab</strong></span> 
     </span>
     <span class='ocr_line' id='line_1_23' title="bbox 135 2863 1060 2952; baseline -0.006 -11"><span class='ocrx_word' id='word_1_135' title='bbox 135 2919 156 2952; x_wconf 90' lang='lat'><em>„</em></span> <span class='ocrx_word' id='word_1_136' title='bbox 180 2865 390 2950; x_wconf 76' lang='lat' dir='ltr'><strong>Ordinatio,</strong></span> <span class='ocrx_word' id='word_1_137' title='bbox 416 2864 473 2938; x_wconf 87' lang='lat' dir='ltr'><strong>sed</strong></span> <span class='ocrx_word' id='word_1_138' title='bbox 491 2864 659 2938; x_wconf 86' lang='lat' dir='ltr'><strong>maluerit</strong></span> <span class='ocrx_word' id='word_1_139' title='bbox 683 2864 776 2936; x_wconf 84' lang='lat' dir='ltr'><strong>inter</strong></span> <span class='ocrx_word' id='word_1_140' title='bbox 798 2887 927 2937; x_wconf 88' lang='lat' dir='ltr'><strong>manus</strong></span> <span class='ocrx_word' id='word_1_141' title='bbox 941 2863 1060 2938; x_wconf 90' lang='lat' dir='ltr'><strong>Patris</strong></span> 
     </span>
     <span class='ocr_line' id='line_1_24' title="bbox 135 2959 1061 3059; baseline 0.002 -27"><span class='ocrx_word' id='word_1_142' title='bbox 135 3017 154 3051; x_wconf 84' lang='lat'><strong>‚‚</strong></span> <span class='ocrx_word' id='word_1_143' title='bbox 179 2963 357 3050; x_wconf 79' lang='lat' dir='ltr'><strong>Quesnelii</strong></span> <span class='ocrx_word' id='word_1_144' title='bbox 396 2962 551 3059; x_wconf 83' lang='lat' dir='ltr'><strong>discipuli</strong></span> <span class='ocrx_word' id='word_1_145' title='bbox 570 2961 619 3036; x_wconf 92' lang='lat' dir='ltr'><strong>sui</strong></span> <span class='ocrx_word' id='word_1_146' title='bbox 644 2963 776 3047; x_wconf 87' lang='lat' dir='ltr'><strong>emori,</strong></span> <span class='ocrx_word' id='word_1_147' title='bbox 802 2962 861 3058; x_wconf 88' lang='lat' dir='ltr'><strong>qui</strong></span> <span class='ocrx_word' id='word_1_148' title='bbox 883 2959 944 3057; x_wconf 77' lang='lat' dir='ltr'><strong>ipsi</strong></span> <span class='ocrx_word' id='word_1_149' title='bbox 968 2983 1061 3058; x_wconf 75' lang='lat' dir='ltr'><strong>pree·</strong></span> 
     </span>
     <span class='ocr_line' id='line_1_25' title="bbox 133 3059 1059 3156; baseline -0.006 -20"><span class='ocrx_word' id='word_1_150' title='bbox 133 3118 155 3150; x_wconf 94' lang='lat'>„</span> <span class='ocrx_word' id='word_1_151' title='bbox 180 3063 287 3136; x_wconf 88' lang='lat' dir='ltr'><strong>bebat</strong></span> <span class='ocrx_word' id='word_1_152' title='bbox 312 3061 485 3136; x_wconf 87' lang='lat' dir='ltr'><strong>viaticum</strong></span> <span class='ocrx_word' id='word_1_153' title='bbox 506 3113 513 3144; x_wconf 91' lang='lat'><em>‚</em></span> <span class='ocrx_word' id='word_1_154' title='bbox 537 3083 691 3156; x_wconf 88' lang='lat' dir='ltr'><strong>eumque</strong></span> <span class='ocrx_word' id='word_1_155' title='bbox 715 3076 918 3133; x_wconf 83' lang='lat' dir='ltr'><strong>extremum</strong></span> <span class='ocrx_word' id='word_1_156' title='bbox 954 3059 1059 3133; x_wconf 86' lang='lat' dir='ltr'><strong>inun-</strong></span> 
     </span>
     <span class='ocr_line' id='line_1_26' title="bbox 133 3156 1061 3257; baseline -0.004 -25"><span class='ocrx_word' id='word_1_157' title='bbox 133 3217 153 3252; x_wconf 90' lang='lat'><strong>„</strong></span> <span class='ocrx_word' id='word_1_158' title='bbox 177 3161 310 3256; x_wconf 88' lang='lat' dir='ltr'><strong>gebat,</strong></span> <span class='ocrx_word' id='word_1_159' title='bbox 334 3160 499 3257; x_wconf 85' lang='lat' dir='ltr'><strong>quamvis</strong></span> <span class='ocrx_word' id='word_1_160' title='bbox 515 3159 613 3231; x_wconf 88' lang='lat' dir='ltr'><strong>omni</strong></span> <span class='ocrx_word' id='word_1_161' title='bbox 636 3159 682 3231; x_wconf 92' lang='lat' dir='ltr'><strong>ad</strong></span> <span class='ocrx_word' id='word_1_162' title='bbox 711 3158 780 3231; x_wconf 91' lang='lat' dir='ltr'><strong>hoc</strong></span> <span class='ocrx_word' id='word_1_163' title='bbox 806 3156 975 3230; x_wconf 87' lang='lat' dir='ltr'><strong>facultate</strong></span> <span class='ocrx_word' id='word_1_164' title='bbox 1000 3179 1061 3230; x_wconf 90' lang='lat' dir='ltr'><strong>ca-</strong></span> 
     </span>
     <span class='ocr_line' id='line_1_27' title="bbox 130 3252 1060 3346; baseline -0.003 -15"><span class='ocrx_word' id='word_1_165' title='bbox 130 3315 152 3346; x_wconf 91' lang='grc'><strong>,.</strong></span> <span class='ocrx_word' id='word_1_166' title='bbox 176 3272 283 3331; x_wconf 86' lang='lat' dir='ltr'><strong>reret.</strong></span> <span class='ocrx_word' id='word_1_167' title='bbox 300 3311 323 3344; x_wconf 86' lang='lat'><strong>‚‚</strong></span> <span class='ocrx_word' id='word_1_168' title='bbox 374 3257 537 3330; x_wconf 87' lang='lat' dir='ltr'><strong>Huncin</strong></span> <span class='ocrx_word' id='word_1_169' title='bbox 561 3255 710 3329; x_wconf 88' lang='lat' dir='ltr'><strong>modurn</strong></span> <span class='ocrx_word' id='word_1_170' title='bbox 724 3256 851 3329; x_wconf 87' lang='lat' dir='ltr'><strong>honori</strong></span> <span class='ocrx_word' id='word_1_171' title='bbox 877 3253 914 3329; x_wconf 79' lang='lat' dir='ltr'><strong>dt</strong></span> <span class='ocrx_word' id='word_1_172' title='bbox 939 3252 999 3328; x_wconf 88' lang='lat' dir='ltr'><strong>suo</strong></span> <span class='ocrx_word' id='word_1_173' title='bbox 1021 3252 1060 3328; x_wconf 81' lang='lat' dir='ltr'><strong>dc</strong></span> 
     </span>
    </p>

    <p class='ocr_par' dir='ltr' id='par_1_6' title="bbox 129 3349 1167 3451">
     <span class='ocr_line' id='line_1_28' title="bbox 129 3349 1167 3451; baseline -0.009 -19"><span class='ocrx_word' id='word_1_174' title='bbox 129 3357 229 3432; x_wconf 76' lang='lat' dir='ltr'><strong>set&#39;tae</strong></span> <span class='ocrx_word' id='word_1_175' title='bbox 255 3355 325 3430; x_wconf 85' lang='lat' dir='ltr'><strong>suae</strong></span> <span class='ocrx_word' id='word_1_176' title='bbox 348 3353 532 3436; x_wconf 67' lang='lat' dir='ltr'><strong>Arnalduc</strong></span> <span class='ocrx_word' id='word_1_177' title='bbox 557 3351 755 3440; x_wconf 81' lang='lat' dir='ltr'><strong>consuluit,</strong></span> <span class='ocrx_word' id='word_1_178' title='bbox 779 3377 824 3428; x_wconf 89' lang='lat' dir='ltr'><strong>ne</strong></span> <span class='ocrx_word' id='word_1_179' title='bbox 859 3356 961 3451; x_wconf 78' lang='lat' dir='ltr'><strong>instar</strong></span> <span class='ocrx_word' id='word_1_180' title='bbox 982 3350 1060 3425; x_wconf 81' lang='lat' dir='ltr'><strong>Ha·</strong></span> <span class='ocrx_word' id='word_1_181' title='bbox 1161 3349 1167 3384; x_wconf 87' lang='lat'>¹</span> 
     </span>
    </p>

    <p class='ocr_par' dir='ltr' id='par_1_7' title="bbox 126 3451 605 3556">
     <span class='ocr_line' id='line_1_29' title="bbox 126 3451 605 3556; baseline -0.004 -28"><span class='ocrx_word' id='word_1_182' title='bbox 126 3457 261 3556; x_wconf 76' lang='lat' dir='ltr'><strong>ganotti</strong></span> <span class='ocrx_word' id='word_1_183' title='bbox 283 3451 394 3551; x_wconf 73' lang='lat' dir='ltr'><strong>obiiffe</strong></span> <span class='ocrx_word' id='word_1_184' title='bbox 417 3453 605 3528; x_wconf 89' lang='lat' dir='ltr'><strong>diceretur.</strong></span> 
     </span>
    </p>
   </div>
   <div class='ocr_carea' id='block_1_6' title="bbox 123 3570 1059 3957">
    <p class='ocr_par' dir='ltr' id='par_1_8' title="bbox 123 3570 1059 3957">
     <span class='ocr_line' id='line_1_30' title="bbox 239 3570 1059 3674; baseline -0.007 -26"><span class='ocrx_word' id='word_1_185' title='bbox 239 3573 313 3674; x_wconf 84' lang='lat' dir='ltr'><strong>ipse</strong></span> <span class='ocrx_word' id='word_1_186' title='bbox 323 3595 409 3648; x_wconf 90' lang='lat' dir='ltr'><strong>vero</strong></span> <span class='ocrx_word' id='word_1_187' title='bbox 423 3571 461 3646; x_wconf 91' lang='lat' dir='ltr'><strong>P.</strong></span> <span class='ocrx_word' id='word_1_188' title='bbox 478 3571 711 3660; x_wconf 83' lang='lat' dir='ltr'><strong>Quesnellus,</strong></span> <span class='ocrx_word' id='word_1_189' title='bbox 737 3585 813 3648; x_wconf 84' lang='lat' dir='ltr'><strong>ta&#39;m</strong></span> <span class='ocrx_word' id='word_1_190' title='bbox 825 3571 955 3666; x_wconf 89' lang='lat' dir='ltr'><strong>dignus</strong></span> <span class='ocrx_word' id='word_1_191' title='bbox 981 3570 1059 3643; x_wconf 78' lang='lat' dir='ltr'><strong>Ma-</strong></span> 
     </span>
     <span class='ocr_line' id='line_1_31' title="bbox 125 3666 1058 3772; baseline -0.01 -24"><span class='ocrx_word' id='word_1_192' title='bbox 125 3674 235 3772; x_wconf 80' lang='lat' dir='ltr'><strong>gistro</strong></span> <span class='ocrx_word' id='word_1_193' title='bbox 260 3669 429 3748; x_wconf 68' lang='lat' dir='ltr'><strong>rimaldo</strong></span> <span class='ocrx_word' id='word_1_194' title='bbox 446 3669 636 3767; x_wconf 73' lang='lat' dir='ltr'><strong>discipulus</strong></span> <span class='ocrx_word' id='word_1_195' title='bbox 659 3727 669 3758; x_wconf 86' lang='lat'><strong>,</strong></span> <span class='ocrx_word' id='word_1_196' title='bbox 694 3668 841 3765; x_wconf 89' lang='lat' dir='ltr'><strong>ejusque</strong></span> <span class='ocrx_word' id='word_1_197' title='bbox 864 3666 1058 3755; x_wconf 69' lang='lat' dir='ltr'><strong>succedat,</strong></span> 
     </span>
     <span class='ocr_line' id='line_1_32' title="bbox 123 3765 1059 3957; baseline -0.012 -110"><span class='ocrx_word' id='word_1_198' title='bbox 123 3772 300 3874; x_wconf 87' lang='lat' dir='ltr'><strong>quidnam</strong></span> <span class='ocrx_word' id='word_1_199' title='bbox 322 3768 434 3868; x_wconf 86' lang='lat' dir='ltr'><strong>reipsa</strong></span> <span class='ocrx_word' id='word_1_200' title='bbox 450 3766 862 3957; x_wconf 43' lang='lat' dir='ltr'><strong>seusrtheiglucharistia,</strong></span> <span class='ocrx_word' id='word_1_201' title='bbox 887 3765 1059 3937; x_wconf 61' lang='lat' dir='ltr'><strong>quaneltini·</strong></span> 
     </span>
    </p>
   </div>
   <div class='ocr_carea' id='block_1_7' title="bbox 163 3999 660 4166">
    <p class='ocr_par' dir='ltr' id='par_1_9' title="bbox 163 3999 660 4166">
     <span class='ocr_line' id='line_1_33' title="bbox 163 3999 660 4080; baseline -0.008 -15"><span class='ocrx_word' id='word_1_202' title='bbox 163 4001 207 4078; x_wconf 84' lang='lat' dir='ltr'><strong>(c)</strong></span> <span class='ocrx_word' id='word_1_203' title='bbox 240 3999 399 4064; x_wconf 80' lang='lat' dir='ltr'><strong>Tom.1=.</strong></span> <span class='ocrx_word' id='word_1_204' title='bbox 430 3999 660 4080; x_wconf 78' lang='lat' dir='ltr'><strong>ndAn.1694,</strong></span> 
     </span>
     <span class='ocr_line' id='line_1_34' title="bbox 166 4079 420 4166; baseline -0.008 -20"><span class='ocrx_word' id='word_1_205' title='bbox 166 4085 212 4166; x_wconf 74' lang='lat'><strong>(⁰)</strong></span> <span class='ocrx_word' id='word_1_206' title='bbox 234 4082 274 4146; x_wconf 72' lang='lat' dir='ltr'><strong>dc</strong></span> <span class='ocrx_word' id='word_1_207' title='bbox 294 4079 420 4166; x_wconf 82' lang='lat' dir='ltr'><strong>choisy.</strong></span> 
     </span>
    </p>
   </div>
   <div class='ocr_carea' id='block_1_8' title="bbox 0 0 1270 4509">
    <p class='ocr_par' dir='ltr' id='par_1_10' title="bbox 0 0 1270 4509">
     <span class='ocr_line' id='line_1_35' title="bbox 0 0 1270 4509; baseline 0 0"><span class='ocrx_word' id='word_1_208' title='bbox 0 0 1270 4509; x_wconf 95' lang='lat' dir='ltr'><strong> </strong></span> 
     </span>
    </p>
   </div>
  </div>
 </body>
</html>
