2492 4509
169 194 305 260 em,
374 194 501 246 ae·
528 194 766 242 ulcere
804 219 825 254 ,
868 194 1292 245 necle-nam
1360 194 1736 244 remrman
1767 223 1792 255 ,

169 269 245 346 'is
296 267 453 365 (fl)-
468 283 615 342 cum
640 266 1010 362 discuplm'ae
1040 263 1383 364 diffidatio
1408 273 1478 342 in
1500 269 1794 363 peculia-

169 371 451 467 elae'giofis
478 361 812 440 ordinibus
840 367 1167 464 {magefit
1193 362 1368 438 illius
1390 418 1412 452 ,
1461 390 1605 461 qua
1648 389 1794 440 eve-

169 474 290 568 ›test
320 470 389 540 in
426 467 735 560 religione
759 466 1071 559 generula,
1112 462 1288 538 tllius
1311 478 1650 561 reparatio
1674 491 1795 541 no-

169 591 288 663 que
302 568 606 662 sormam
645 559 939 636 exhibeat
967 561 1164 645 illius,
1215 587 1415 658 quam
1438 563 1636 637 Enete
1659 589 1794 641 tum

170 691 251 740 ra
276 667 578 758 instituta
612 664 833 735 reduci
882 672 1232 756 oporteret.
1332 660 1583 760 Atque
1659 685 1792 752 aeC,

169 764 371 858 112gni
420 760 831 836 temeritate
883 759 1188 834 fabulari
1247 758 1459 836 ausus
1507 761 1606 836 est
1661 763 1793 838 ali-

170 864 397 937 etiam
478 861 619 933 hoc
692 859 883 932 loco·
932 881 1504 934 commemorare
1587 877 1795 960 pote·

194 959 305 1035 At
353 958 571 1033 nimis
623 956 866 1054 aspera
894 1012 913 1042 ,
982 956 1059 1031 &
1104 958 1328 1031 cruda
1370 982 1458 1033 ea
1504 957 1792 1035 fuiffent

172 1073 522 1156 gumento
549 1112 571 1142 ‚
616 1054 811 1152 quod
857 1052 1173 1129 habebat
1213 1069 1390 1128 tunc
1437 1079 1590 1154 prae
1627 1082 1793 1135 ma-

220 1171 307 1232 ut
330 1155 693 1254 'gradatim
738 1152 832 1228 ad
856 1151 1331 1249 praestitutam
1365 1152 1490 1230 fibi
1515 1171 1789 1235 metam

169 1269 289 1332 ret
310 1309 329 1342 ,
380 1251 702 1350 responso
760 1274 945 1348 opus
1005 1265 1168 1324 erat
1193 1305 1212 1335 ,
1265 1271 1409 1347 quo
1452 1251 1790 1334 testatum

169 1379 237 1443 :,
312 1353 567 1428 seriam
617 1347 951 1445 Ecclefiae
978 1349 1438 1424 voluntatem
1478 1349 1614 1426 effe
1637 1409 1658 1440 ,
1703 1369 1790 1432 ut

169 1477 223 1530 ae
278 1449 723 1552 poenit'entiae
790 1447 1126 1545 pristinus
1180 1445 1350 1522 suus
1411 1447 1738 1547 splendor
1767 1511 1788 1543 ,

170 1553 363 1628 nitas
422 1550 879 1624 redderetur:
978 1568 1061 1622 ro
1109 1571 1252 1644 quo
1303 1547 1527 1623 etiam
1570 1574 1791 1649 quam

169 1673 218 1726 ·r
274 1652 379 1726 ini
434 1648 693 1724 cecidit
719 1703 737 1731 ‚
788 1657 875 1719 ut
944 1646 1350 1744 ocupletem
1374 1701 1394 1734 ‚
1441 1671 1585 1745 qua
1632 1672 1792 1727 rem

169 1767 243 1825 et
272 1804 293 1836 ,
334 1749 695 1824 rationem
754 1765 847 1817 ex
901 1743 1235 1822 canone:
1287 1750 1496 1825 omnis
1539 1749 1791 1826 utrim-

169 1871 279 1926 τω·
308 1904 333 1938 ,
396 1844 944 1922 nancisceretur.
