2492 4509
417 599 685 742 &watra
710 627 798 736 ΡΜ
824 631 889 715 1¹1·
949 609 971 664 ²
1024 668 1101 746 24³

94 921 104 956 Β
156 843 338 948 quasdam
364 843 522 946 declarat
544 843 734 924 hereticas
754 902 764 934 ‚
787 843 883 940 seu„
907 873 989 950 quae
1008 879 1106 936 nove

94 1013 106 1058 Ι
155 941 171 1022 i
199 947 314 1020 larum
331 943 465 1043 phrasis¹
487 939 536 1020 est
566 996 575 1029 ‚
601 944 691 1020 dum
718 945 764 1022 de
787 939 991 1036 Quaestiene
1007 953 1102 1052 juris

94 1111 102 1140 ‚
152 971 371 1126 decentiam
398 1041 502 1129 sert,
538 1063 657 1117 errare
682 1067 754 1126 non
779 1045 911 1158 poffit:
964 1048 1100 1143 secus,

94 1151 101 1162 '
156 1147 302 1242 quando
327 1137 387 1222 illa
403 1142 455 1228 ,de
492 1137 694 1240 Quaestione
716 1133 844 1232 faiis)
883 1160 924 1221 ut
945 1145 1102 1248 loquun-

152 1253 220 1318 tur
256 1297 265 1324 ‚
301 1253 463 1316 mentem
483 1237 585 1326 ¹suam
621 1239 773 1338 aperit,
810 1239 880 1318 stve
905 1249 1108 1348 utxmajore

94 1415 99 1438 ,
152 1337 411 1440 perspicuitate
432 1335 529 1414 sensa
563 1335 623 1412 sua
662 1339 883 1440 explicarent
915 1399 924 1426 ‚
964 1349 1110 1442 quando

94 1451 99 1528 j
153 1439 340 1524 decernit,
366 1437 581 1516 damnatum
603 1433 811 1531 hujusmodi
824 1439 961 1536 dogma.
982 1467 1021 1518 in
1040 1445 1112 1521 ali·

93 1553 100 1626 ζ
152 1559 230 1634 quo
251 1535 340 1610 libro
366 1533 542 1610 contineri
570 1555 695 1624 tuam
713 1547 860 1612 tantum
885 1555 966 1615 turn
991 1535 1111 1620 abeiie

126 1631 306 1732 edebant
334 1689 344 1720 ‚
371 1647 421 1730 ‘ut
444 1629 521 1708 falli
555 1629 594 1708 &
618 1654 744 1730 errare·
762 1649 949 1736 nequeat,
990 1653 1033 1716 ut
1053 1664 1115 1717 re·

93 1749 98 1760 ·
140 1723 168 1780 ·“
198 1727 327 1829 [ajam
354 1729 563 1818 erraverit,
605 1725 645 1808 δι
679 1731 824 1828 quidem
847 1735 886 1808 in
910 1733 984 1834 ipso
1016 1761 1114 1838 prae·

93 1857 98 1924 j
193 1830 248 1904 nti
283 1829 328 1903 de
354 1829 510 1908 doiirina
550 1827 709 1926 quinque
732 1829 1020 1928 propositionum,
1043 1861 1112 1920 ar·

209 1943 368 2015 mente,
405 1949 514 2026 quam
540 1947 730 2024 perperam
752 1925 843 2004 libro
864 1929 1019 2028 jansenii
1045 1935 1111 2028 ad·

93 2051 100 2060 ·
169 2027 332 2104 criberet.
359 2027 427 2122 (m)
453 2021 618 2114 Absolute
641 2025 837 2124 profitemur
858 2081 870 2116 ,
895 2028 913 2128 (
925 2027 1109 2128 Jansenia-

152 2123 198 2202 ni
235 2119 377 2200 Oraculi
411 2119 589 2212 Quesnelii
618 2178 628 2208 ‚
662 2123 726 2216 de,
746 2121 837 2199 fatto
871 2125 1025 2225 Jansenii
1063 2157 1112 2210 ex

152 2221 296 2304 intimis
319 2222 524 2298 Hollandiae
548 2221 671 2318 adytis
697 2220 894 2297 decidentis
922 2281 930 2311 ‚
960 2227 1114 2310 effatum

153 2317 235 2416 est)
257 2319 404 2412 absolun
416 2321 607 2418 profitemur
620 2373 630 2407 ‚
643 2316 822 2418 Pontifices
835 2321 1058 2402 Innocentium
1072 2330 1119 2407 Χ

153 2417 198 2498 f!
205 2417 447 2494 'Alexandrum
467 2415 543 2493 VII
558 2473 566 2496 .
584 2439 691 2491 errare
714 2415 827 2512 lapsos
850 2425 1109 2522 cenitense.
1140 2401 1152 2442 ⁸

153 2519 239 2596 atita
262 2511 412 2616 natasse.
489 2515 612 2627 Atque
645 2513 714 2589 hoc
744 2513 834 2591 illud
861 2517 983 2595 velum
1007 2539 1107 2615 erat,

152 2637 228 2730 quo
253 2615 314 2691 alii
340 2615 413 2714 nost
437 2616 527 2690 alios
554 2605 872 2712 tnexpugnabilem
897 2618 998 2694 suam
1026 2646 1108 2718 per·
1164 2683 1167 2688 .

151 2715 327 2792 ananiam
361 2739 404 2789 ac
440 2736 548 2812 prava
583 2727 709 2787 contra
746 2711 940 2792 Ecclesiam
962 2721 1106 2798 coniiiia

154 2813 305 2989 celarit),
334 2834 457 2911 eoque
492 2812 682 2887 hominum
728 2811 853 2888 ocutos
887 2811 963 2892 fatti
1005 2817 1103 2917 poffe

155 2933 219 2988 cre
244 2923 363 2987 eant

185 3151 188 3162 ·
253 3105 308 3184 At
320 3106 423 3183 facile
443 3103 618 3182 hicsucus
638 3105 801 3204 detergi,
825 3103 908 3185 haec
930 3107 1001 3186 iliis
1030 3111 1102 3186 lar.

151 3228 202 3288 va
230 3207 372 3282 detrahi
397 3221 559 3303 poterat:
584 3219 704 3290 certe,
730 3204 791 3303 qui
815 3203 885 3281 hac
902 3207 942 3283 in
967 3233 1007 3282 re
1031 3210 1101 3283 Ec·

151 3305 270 3384 clesrae
295 3308 394 3380 [itam
416 3305 461 3377 ab
486 3303 586 3378 omni
612 3301 752 3378 errandi
784 3305 941 3400 periculo
966 3305 1102 3381 irnmu·

150 3402 310 3498 nitatem
331 3401 447 3478 aufert
472 3455 481 3488 ,
506 3399 620 3497 ipsum
652 3398 782 3499 JEiurn
811 3401 989 3478 Christum
1014 3404 1102 3479 osci·

150 3503 283 3580 tantiae
297 3493 496 3594 eujusdam
520 3497 702 3585 accusat,
725 3520 772 3572 ex
798 3519 867 3594 qua
890 3499 1102 3576 conservan-

149 3605 211 3680 dae
237 3603 330 3676 inter
357 3597 478 3674 fideles
504 3597 584 3670 suos
614 3589 696 3672 fidei
729 3594 909 3671 nonsatis
972 3599 1096 3674 rovide

149 3696 359 3786 consuluisse
391 3691 720 3890 exittimari(({›)offit.
770 3691 910 3772 Namsr
938 3622 1096 3870 ⁸descllefia

670 3815 692 3867 2
941 3818 980 3871 ln
995 3819 1017 3870 a
1031 3838 1047 3853 ·

152 3936 367 3960 Μ
883 3933 1097 3963 m

195 3996 256 4080 (m)
279 3989 388 4061 caua·
408 3987 627 4074 Quenettiana
640 4009 715 4080 pag
727 4005 802 4081 19⁶.
