2492 4509
1408 473 1425 485 O
1800 481 1805 486 ι

345 515 350 520 .
841 513 846 523 ι
991 517 996 524 ι

242 749 246 754 ,
366 687 513 766 260
625 777 632 784 ,
727 659 999 794 Verum
1040 629 1310 786 consti&
1332 629 1757 784 Burgosom
1799 655 1959 766 m

375 955 422 987 „
462 920 629 976 cum
675 896 890 996 ipfius
941 895 1334 974 luminibus
1382 953 1408 985 ,
1459 898 1834 976 ardoribus
1884 947 1907 986 5
1980 921 2050 973 cc

215 1023 220 1028 ·
375 993 435 1086 {5-
460 996 780 1073 tionibus
805 1053 825 1083 ‚
875 993 1233 1070 defideriis
1263 1053 1286 1084 ,
1357 995 1753 1074 afflonibus
1788 1049 1809 1085 ‚
1876 1017 2050 1096 perp

368 1153 416 1188 ‚,
458 1095 671 1172 nibus
722 1152 742 1183 ,
840 1094 1385 1194 perfestionibus
1439 1119 1459 1170 :
1566 1096 1831 1172 horum
1916 1120 2050 1171 om:

368 1195 414 1286 ;,
466 1194 873 1282 consorteS,
925 1193 999 1269 ὅ(
1035 1208 1426 1292 propterea
1451 1187 1621 1269 tam'
1656 1189 1915 1283 fausti,
1960 1193 2040 1270 &

369 1351 414 1381 ‚,
461 1293 623 1368 feffl
670 1292 846 1380 esse,
897 1292 1300 1388 obligamur
1327 1349 1346 1380 ,
1402 1311 1492 1368 ac
1536 1292 1680 1393 ipse
1712 1292 1829 1368 est.
1857 1349 1907 1381 „
1995 1295 2050 1378 Q

369 1393 421 1468 fi
459 1392 621 1467 haec
667 1393 773 1467 ita
819 1391 887 1465 se
931 1392 1246 1467 habeant
1270 1447 1289 1479 ,
1340 1392 1832 1468 condonemus
1894 1393 2049 1468 auti

421 1491 570 1566 uod
616 1489 960 1565 doclrinae
980 1489 1124 1564 suae
1171 1491 1552 1566 exordium
1577 1491 1865 1567 duxerit
1889 1491 1982 1567 ab
2022 1516 2050 1565 ε

365 1515 521 1666 pato
553 1646 572 1676 ‚
617 1601 875 1687 quater
918 1589 1116 1663 mille
1160 1613 1390 1664 annos
1417 1646 1436 1676 ‚
1484 1590 1634 1664 imo
1664 1587 2045 1686 ‘a'nnorum

359 1689 598 1764 riades
637 1714 784 1762 non
813 1686 982 1762 satis
1011 1688 1359 1785 temporis
1384 1679 1522 1761 effe
1550 1744 1571 1774 ,
1613 1712 1756 1786 quo
1800 1689 1895 1763 ad
1930 1689 2042 1764 SS

233 1841 244 1854 Ι
361 1785 769 1861 charistiam
836 1788 952 1862 vel
995 1786 1209 1859 semel
1284 1785 1701 1868 sumendam
1758 1809 1889 1885 pro
1962 1809 2050 1861 eo

355 1884 519 1959 fieri
565 1884 836 1960 necesse
907 1884 1005 1958 est
1036 1940 1053 1971 ,
1120 1907 1255 1958 nos
1344 1907 1853 1982 comparemus
1872 1907 1899 1977 3
1971 1909 2050 1958 co

353 2007 618 2058 nemus
644 2038 663 2069 ‚
715 1984 906 2080 quod
955 2006 1252 2056 omnem
1299 1981 1531 2057 santi-o
1578 1984 1752 2057 huic
1801 1984 2050 2078 negoti

357 2094 513 2156 tam
560 2082 1116 2181 impendendam
1165 2079 1512 2177 postulet:
1559 2106 1704 2156 non
1779 2081 1993 2156 aliter
2038 2083 2050 2156 l
