2492 4509
946 454 947 458 1
1033 451 1037 458 a

257 595 292 624 ⁵
337 556 576 728 mara.
598 607 684 746 ljos
705 575 777 702 Va
871 635 875 643 ·
947 654 1022 732 am

146 839 377 941 appellationi
401 838 608 919 renunciet:
633 839 703 932 (n)
727 840 871 929 „Num
894 843 934 922 in
954 846 1020 926 ali.

140 942 214 1041 quo'
249 938 434 1025 Concilio,
472 938 656 1017 scribentis
681 941 917 1030 verbalimt,
954 970 1020 1032 ano

140 1038 304 1133 :elignani
332 1035 433 1112 vestri
468 1035 733 1135 Appellatmnis
770 1039 841 1116 snae
863 1040 1019 1120 formam
1087 1043 1099 1062 ⁷

140 1134 395 1215 :onstmxerel
442 1134 540 1212 Num
585 1137 707 1212 saltem
747 1136 785 1211 in
821 1157 1018 1220 convocata
1079 1149 1097 1176 ”

140 1236 207 1313 nse
230 1234 400 1333 synodo?
438 1235 487 1310 Et
511 1235 641 1332 quibus
662 1233 826 1310 subsrdiis
843 1242 954 1325 erepit
976 1231 1018 1318 ¹&

140 1334 232 1411 tutta
258 1331 307 1406 est
331 1330 444 1408 vestra
476 1331 628 1413 Faaio?
666 1333 824 1409 Multum
851 1331 1017 1424 lime‘tibi
1080 1358 1083 1369 ·

140 1433 307 1532 polliceris
331 1431 375 1505 de
390 1431 636 1506 moderatione
648 1456 693 1507 ac
705 1435 892 1529 prudentia
914 1458 1016 1523 mea.
1080 1458 1098 1488 s·

140 1531 271 1606 lumin
289 1528 434 1624 negotio
446 1529 491 1603 de
504 1532 665 1605 externis
692 1530 1017 1630 (Episcoporum)

140 1628 357 1706 :estimoniis¹
377 1628 541 1714 irritare,
583 1629 620 1705 &
641 1629 687 1703 ad
710 1628 880 1707 ultimum
902 1645 1042 1708 certa·-¹

140 1752 217 1804 nen
252 1749 446 1825 provocare
470 1727 582 1800 audes
606 1727 788 1801 hommem
812 1783 821 1813 ,
861 1730 923 1825 qui
956 1730 1018 1803 de*

140 1850 212 1902 :em
247 1826 394 1900 omnino
432 1824 537 1898 annis
573 1827 679 1898 rebus
716 1824 869 1921 p'raesens
905 1830 1017 1902 inter·

140 1926 215 2010 irit,
244 1923 281 1999 δι
306 1922 375 1996 suis
399 1922 469 2018 ipse
494 1919 606 1995 oculis
633 1922 721 1998 vidit
747 1924 871 1997 malas.
889 1942 1014 2015 arten
1081 1969 1083 1973 <

140 2024 262 2120 puibus
296 2022 341 2095 ad
376 2017 665 2115 amplificandam
715 2019 923 2096 Faetionem
955 2048 1017 2098 ve·
1083 2026 1084 2029 ’

142 2123 237 2196 tram
271 2118 320 2194 usr
359 2117 461 2190 estis:
496 2138 578 2212 quae
601 2117 799 2213 &quanta
826 2119 885 2193 hic
911 2144 932 2194 a
956 2122 1016 2197 me

140 2220 277 2294 licenda
311 2216 452 2301 forent,
488 2214 679 2289 sranimus
714 2214 798 2289 esset
830 2214 1014 2312 'aperiendi

140 2318 274 2399 omnia,
307 2339 388 2411 quae
414 2309 522 2387 i‘cio‘.²
549 2367 571 2398 ‚,
594 2327 690 2387 mrim
706 2314 833 2386 ortibus
856 2317 903 2413 ost
921 2322 1015 2414 estis,
1098 2331 1100 2336 “

140 2416 228 2490 :estis
250 2415 414 2487 oculatus
431 2412 512 2491 ait?
538 2412 687 2507 paucula
707 2409 789 2485 sane
800 2410 929 2485 verba!
956 2412 1015 2489 sed
1134 2429 1137 2434 “

140 2513 230 2588 eiis
264 2512 341 2596 vis,
373 2533 482 2606 quarn
512 2511 633 2603 gravis
657 2509 772 2583 semus
805 2508 922 2584 inest?
960 2512 1015 2590 Ea

140 2637 147 2683 r
181 2611 299 2683 labore
335 2608 506 2683 levabunt
539 2606 676 2704 prolixe
712 2607 913 2681 recensendi
948 2606 1015 2683 sm·

142 2731 206 2795 aa,
246 2707 282 2783 ἃ
306 2731 378 2782 una
401 2706 577 2779 duntaxat
600 2705 730 2797 harum
753 2706 931 2782 malarum
956 2728 1014 2782 ar·

140 2832 174 2883 m
197 2808 318 2904 imago
343 2804 413 2879 erit
433 2804 662 2902 reliquarum.
780 2877 784 2888 ,
960 2800 965 2811 '

157 3002 275 3102 ‘Cum
298 3025 469 3078 numems
492 3000 765 3101 Appellantium
781 3026 855 3079 non
873 3026 916 3079 ea
939 3016 1017 3078 tam
1100 3040 1102 3050 ¹

140 3129 153 3177 r
181 3102 400 3176 incrementa
427 3102 602 3185 sumeret,
627 3101 708 3196 quae
735 3104 773 3177 ὅ(
794 3118 930 3198 quanta
953 3101 1016 3176 libi

143 3201 315 3297 ponderat
349 3198 496 3281 fallio,
534 3212 682 3295 captum
718 3199 900 3274 confilium
933 3198 1011 3283 est,

141 3298 316 3396 pellantas
340 3298 482 3371 emendi
507 3313 668 3390 argento.
728 3298 781 3373 At
805 3299 842 3371 in
866 3296 1013 3368 sommis

167 3395 341 3491 ,angustiis
372 3394 633 3488 corrogatae&
660 3395 800 3476 collatae
824 3416 888 3494 pro
912 3415 1013 3467 more
1111 3453 1114 3458 .

143 3516 337 3569 commune
369 3495 531 3591 pecuniae
563 3489 767 3568 sustinendis
794 3507 849 3565 tot
870 3491 1017 3587 impti-

140 3615 277 3691 rpares
303 3617 376 3666 non
402 3605 517 3670 erant.
568 3589 634 3687 (o)
654 3615 738 3686 ergo
755 3612 817 3685 pro
831 3590 1015 3665 loblevan·
1066 3605 1082 3628 '-

142 3693 211 3767 hac
229 3692 347 3789 inopia
367 3692 414 3765 ad
429 3712 490 3765 eas
507 3703 637 3765 mutuo
655 3689 841 3764 sumendas
864 3691 1015 3859 vcpppum
1103 3787 1108 3800 .

140 3893 831 3999 ΜΠ.
854 3936 924 4000 pag.
945 3933 1020 3996 ιφ.

149 4005 311 4070 Relutatin
328 4006 575 4072 anecdotorum
595 4003 636 4072 T.
658 4004 703 4071 ll.
725 4026 800 4094 pag.
816 4020 894 4067 mo.
914 3998 944 4065 l&
964 3999 1039 4076 lew
