2492 4509
298 673 302 680 ·
365 624 620 734 mmai
646 578 833 713 Pars-111.
881 607 892 642 ⁸
982 661 1069 733 303Ι
1170 571 1172 575 v

114 843 527 1024 mutantur,
551 842 594 960 tr
618 844 800 942 amaran,
821 844 912 945 qua
933 845 1056 948 [apra

211 1041 369 1130 Parisrus
392 1044 505 1120 etiarn
527 1042 590 1120 hic
611 1056 788 1141 tanquam
809 1044 927 1122 fidelis
949 1047 1053 1126 Echo

123 1143 254 1233 uidit,
279 1143 377 1242 quod
399 1143 598 1222 aCaivino
621 1143 768 1218 didicit:
807 1144 879 1243 (t)
917 1201 940 1233 „
954 1148 1060 1233 Qua-¹

128 1291 149 1328 „
170 1261 226 1332 re,
249 1243 290 1318 in
315 1242 391 1329 uit,
414 1243 497 1318 haec
518 1265 592 1318 una
619 1243 764 1320 vaura
788 1268 863 1318 non
878 1242 1053 1321 sacritica-

130 1375 153 1426 „·
165 1355 233 1429 tur,
286 1341 324 1416 ἰ
345 1339 486 1416 semel?
506 1381 523 1398 ·
546 1382 563 1402 ·
587 1353 801 1440 propterea,
822 1342 908 1440 quia
931 1343 1053 1421 oblata

131 1487 151 1526 η
167 1435 246 1518 loec'
278 1463 356 1516 una
393 1439 539 1516 vitiima
574 1439 728 1515 infinitae
767 1437 938 1516 efficaciae
975 1441 1053 1529 est,

133 1533 377 1624 ..aunasota
398 1536 508 1614 hu‘us
532 1539 641 1614 unius
656 1537 812 1615 vittimae
824 1525 1052 1615 sacrificatio-

134 1685 153 1722 „
167 1657 211 1712 ne
230 1635 340 1714 sensti
363 1561 478 1711 efferii
509 1635 644 1712 sumus.
669 1679 687 1693 -
712 1673 730 1687 ·
753 1679 771 1693 ·
795 1638 844 1713 Et
864 1638 950 1736 quid
980 1638 1052 1715 hoc

133 1731 226 1820 atini
246 1736 340 1818 vult.
363 1733 472 1810 sanai
493 1732 610 1811 efferri
632 1733 782 1826 sumus?
809 1737 847 1812 id
865 1738 1051 1826 nimirum,

134 1881 152 1918 ,.
168 1833 258 1932 quod
278 1833 412 1910 redditi
442 1831 552 1910 sunus
577 1833 744 1933 perseid,
778 1834 987 1933 &quidem
1011 1838 1050 1913 in

135 1983 151 2016 ,,
166 1955 308 2010 omnem
323 1932 488 2020 vitam„
514 1933 741 2046 Quapropter
761 1932 956 2011 secundum
980 1935 1051 2011 Pa-

133 2027 233 2106 r'dnun
265 2055 352 2108 cum
391 2031 543 2107 Calvino
569 2033 641 2108 dici
662 2032 805 2131 potest:
843 2036 931 2108 hand
953 2033 1050 2109 dabie

134 2131 171 2202 u'r
199 2143 296 2226 atque
321 2129 464 2229 rfficacr'a
499 2138 568 2227 ejus
584 2213 587 2218 ,
593 2131 760 2230 sacrificii
780 2131 865 2207 nulio
880 2134 952 2231 fine
972 2159 1049 2227 per⁴

129 2227 199 2324 flat:
222 2230 318 2305 unde
351 2229 463 2304 etiam
486 2229 618 2304 Parisro
642 2230 697 2305 sas
723 2232 792 2306 erit
812 2256 897 2307 curn
920 2233 1049 2308 eodern

134 2323 265 2404 Calvino
287 2326 449 2418 inferre,
474 2328 587 2402 Miffae
612 2327 781 2403 sacrificio
813 2330 955 2427 prorsus
979 2356 1047 2405 nos

134 2443 234 2502 (arae
250 2425 387 2524 -potiez
427 2448 553 2500 revera
586 2438 711 2500 autern
734 2428 806 2502 hoc
831 2427 944 2526 ipsum
969 2429 1046 2515 est,

134 2526 210 2618 quud
230 2525 290 2600 his
314 2525 433 2601 verbis
459 2524 672 2634 exequitur:
700 2522 756 2621 (u)
794 2579 814 2609 „
834 2526 873 2601 Si
893 2551 966 2600 una
994 2527 1048 2602 so-

135 2667 152 2706 n
167 2621 199 2700 la
217 2623 466 2699 immolatione
484 2623 592 2720 hujus
616 2622 725 2696 unius
742 2622 897 2700 vifrimae
915 2625 952 2697 in
969 2648 1048 2700 onr-

135 2769 153 2806 .
169 2745 245 2798 nem
257 2722 374 2800 vitam
394 2721 524 2807 sandi,
548 2720 743 2819 &pareat
756 2722 887 2796 redditi
903 2722 1046 2811 sumus,

136 2887 154 2924 .
170 2865 252 2942 opus
278 2843 385 2918 nobis
412 2867 487 2917 non
510 2841 559 2916 est
585 2843 689 2918 novis
709 2843 885 2930 vitinus,
906 2859 1047 2966 raeque

85 3095 91 3100 -
136 3031 159 3084 „
185 2993 298 3074 aava
328 2969 470 3073 etiam
493 2966 721 3078 oblatione
745 2969 894 3104 hazjau·
912 2972 1045 3075 anius

85 3229 88 3236 .
137 3175 159 3228 a
185 3113 386 3218 viffimae·
424 3185 456 3236 aa
887 3157 901 3212 ⁸

97 3421 104 3440 ,
208 3351 383 3430 Calvinus
400 3349 546 3437 censuit,
563 3348 734 3423 iteratam
746 3346 926 3445 sanguinis
940 3347 1046 3425 Chri·

136 3435 421 3538 dotationem,
470 3449 562 3527 uaiis
580 3450 619 3524 in
634 3445 735 3522 Missa
753 3448 811 3533 fit,
834 3472 908 3522 non
930 3445 1045 3524 solum

138 3533 193 3624 he
222 3550 421 3640 inutilem,
446 3474 514 3624 ied
537 3547 575 3624 ἃ
599 3546 847 3633 criminosam,
873 3549 1044 3643 quoniam

137 3629 337 3726 bennone
351 3648 495 3747 sanguis
522 3645 652 3723 Christi
676 3659 928 3742 exaequaretur
959 3670 1044 3721 curn

85 3767 89 3776 ·
138 3737 262 3826 ritimis
286 3750 391 3848 legis.
441 3746 595 3832 Parisrus
619 3743 784 3845 ejusdem
808 3746 941 3820 mentis
960 3745 1040 3836 est,

897 3868 996 3918 eam·

154 3973 341 4060 thauma
359 3999 434 4064 prg-
458 4001 509 4049 11.
525 3975 563 4047 d
579 3973 631 4048 ω’.

138 4059 175 4134 1)
189 4057 311 4130 Ibidem.
