2492 4509
161 573 163 577 .
416 575 418 584 ,
530 561 535 576 t
967 548 973 562 ⁶

156 582 161 598 l
543 581 545 586 ·
840 579 844 592 ¹
902 589 908 610 ¹

297 619 650 808 muniadam
679 691 800 780 1¹1.»
885 721 932 810 Ιῃ
938 721 958 798 5
1004 681 1007 686 ¹

140 914 190 989 Et
214 911 415 1011 pervicaces
436 906 473 992 id
495 933 610 1010 genus
634 891 795 992 tim-ctist
819 914 863 991 fic
887 916 964 992 ani·

140 1013 320 1110 :omparati
344 1009 411 1084 ess'e
437 1011 547 1086 videri
570 1012 732 1109 possunt,
756 1031 798 1090 ut
810 1017 966 1111 ingenua
1065 1063 1069 1072 =

140 1134 208 1192 ua.
233 1131 315 1208 quae
338 1107 429 1184 filios
467 1109 615 1195 deceat,
653 1112 837 1189 docilitate
871 1114 966 1187 deci·
1073 1143 1076 1149 ·

143 1233 186 1285 us
213 1207 385 1291 Concilii,
412 1230 434 1280 a
458 1230 529 1303 quo
553 1229 691 1282 errores
714 1210 804 1285 suos·
817 1211 966 1285 damna·

141 1308 312 1392 idebunt,
337 1305 534 1397 morigeros
559 1305 594 1379 se
609 1330 653 1381 ac
676 1308 852 1383 obnoxios
874 1332 966 1406 proe-

140 1414 173 1482 :t
209 1405 308 1481 Num
329 1402 777 1501 injurinmipstssacimus‚
807 1406 830 1479 sc
853 1411 966 1498 augei·

141 1507 311 1585 1·‚etinm
340 1505 425 1578 huic
447 1501 610 1576 Concilio
648 1503 820 1579 obstinata
855 1504 968 1579 unicui

142 1602 263 1675 mione
279 1600 523 1675 adversaturos
547 1599 648 1675 esse?
684 1599 764 1676 Aut
790 1602 970 1694 quodnam
1078 1650 1081 1659 ι

141 1724 208 1782 ue,
235 1698 259 1773 st
284 1700 393 1773 etiam
417 1697 450 1771 se
473 1716 658 1795 opponant
682 1699 865 1785 Concilio.
894 1723 971 1774 ma·
1033 1741 1036 1746 <

140 1825 156 1872 ιι
181 1796 216 1875 se
228 1796 327 1872 nesas
341 1795 548 1894 suscipient,
597 1805 682 1875 uam
695 1795 873 1898 quodiam
886 1822 969 1874 con·

140 1920 188 1982 ·e,
213 1918 297 1974 cum
323 1896 477 1969 ultimae'
496 1820 748 1970 Conditutioni
779 1913 854 1972 tum
879 1918 971 1996 prae·

140 1995 206 2070 ·&
234 1994 459 2094 impudenter
478 1989 647 2085 refragati
670 1993 779 2074 sunt?
812 1995 867 2069 Ex
894 2018 972 2070 mo-

140 2118 206 2189 quo
232 2094 311 2165 haec
334 2089 547 2165 Constitutio
579 2105 723 2188 recepta
759 2091 829 2178 est,
867 2092 971 2164 ineos·
1017 2136 1021 2144 ·
1058 2129 1079 2166 ς

140 2217 193 2272 υς,
218 2187 513 2285 Jaosenisinuma
540 2201 617 2261 tota
648 2187 801 2264 Ecclesia
826 2187 971 2284 dispersa

140 2286 229 2362 etesi
263 2286 476 2382 postulatum
509 2310 551 2361 ac
575 2287 854 2364 condemnatum
878 2281 973 2362 effe:

140 2408 221 2460 vero
245 2384 376 2479 dogma
392 2384 473 2459 fidei
486 2383 556 2463 est,
581 2384 775 2463 Ecclesiam
788 2381 973 2482 dispersam

140 2517 164 2571 ·,
188 2482 291 2557 acin
315 2483 465 2557 concilio
501 2480 709 2568 colledam,
754 2504 872 2558 errare
898 2506 973 2557 non

144 2580 210 2664 ,dt
238 2594 424 2677 propterea
448 2579 544 2656 iilius
575 2579 771 2657 dottrinam
794 2577 973 2656 Fidelibus

140 2678 254 2752 minus
282 2676 349 2751 esse
372 2699 536 2752 normam
559 2676 664 2764 fidei,
690 2701 799 2777 quam
834 2675 883 2754 est
911 2677 976 2752 do-

140 2777 327 2871 cmaxime
356 2776 506 2871 legitimi
543 2776 696 2852 Concilii
723 2773 975 2854 oecumenici:

143 2898 163 2950 e
187 2874 293 2950 nostri
318 2873 519 2949 Novatores
546 2889 673 2950 contra
711 2876 781 2950 hoc
808 2871 977 2950 Ecclesiae

140 2972 200 3047 rsae
210 2972 385 3068 judicium
404 2972 578 3058 rebelleS,
605 2970 821 3049 novamsuae
833 2972 871 3048 in
883 2991 976 3070 prae·

148 3072 383 3146 contumaciae
404 3068 633 3145 acceffiouem
653 3070 879 3148 nonfacient.
892 3088 978 3144 cum
1071 3097 1079 3106 ·

140 3192 170 3242 'a
197 3168 346 3243 Conciiii
370 3168 562 3243 decisiones
585 3169 709 3244 turbas
734 3167 977 3248 &seditiones

140 3267 298 3342 stabunt:
322 3291 456 3340 novum
480 3266 658 3341 duntaxat
682 3267 883 3346 suaeinhec
900 3284 980 3360 per-

140 3365 181 3440 :ia
204 3364 473 3461 perseverentiae
498 3366 704 3461 exemplum
728 3365 846 3441 edent.
879 3361 976 3455 Ergo

141 3476 240 3538 intus
274 3463 318 3537 ab
339 3462 501 3556 integro,
527 3459 673 3558 &quod
689 3462 852 3558 superat,
870 3459 980 3536 saecu·
1076 3505 1080 3522 ι

140 3559 256 3635 sorum
280 3557 422 3634 unimus
438 3581 504 3632 nos
516 3557 652 3654 sperare
676 3585 746 3633 non
768 3559 868 3642 finit,
886 3556 981 3654 quod

143 3661 332 3734 minimum
362 3653 591 3731 submissionis
621 3679 704 3752 engo
730 3657 956 3740 Concilium.

164 3758 209 3833 ud
235 3755 589 3856 quodappellarunt.
614 3770 870 3847 argumentum

373 3852 558 3954 praebituri
582 3850 660 3929 smt.

345 4162 350 4170 .
402 4062 584 4164 (uos)
893 4057 968 4136 Ν·
