2492 4509
837 493 843 508 i

345 641 591 762 Doe'uflrata.
612 649 784 741 emin.
942 667 1041 767 ’ξιμ-
1087 660 1094 675 ’

136 857 299 972 ,Ιοξοωω
322 874 444 974 opinio
468 871 542 966 est,
566 853 628 976 qni
650 878 689 954 in
726 877 881 956 altennn
904 894 1026 960 extre-
1116 852 1130 897 ⁰

136 993 235 1052 ¹num
265 972 418 1074 prolapsi
449 973 541 1054 sunt.
569 1018 615 1035 ··
636 975 711 1053 Alii
750 980 909 1056 mediam
932 982 1024 1059 inie-

151 1093 182 1148 re
200 1072 384 1163 viam,·&
406 1085 449 1149 ut
470 1073 509 1152 ἀ
534 1074 680 1151 illorum
704 1074 743 1152 &
765 1076 897 1152 honn'n
926 1103 1025 1157 erro-
1116 1075 1121 1106 '

148 1193 212 1248 rem
235 1173 443 1272 evitanent,
469 1173 594 1250 dixere
619 1188 745 1253 contra
771 1173 934 1273 priores',
960 1178 1023 1277 ju·

148 1267 267 1348 ntiam
304 1271 426 1347 amitti
456 1272 585 1372 poiie;
622 1286 750 1349 contra
788 1272 1023 1373 posteriores,

146 1367 268 1447 idnon
292 1368 357 1446 nifi
377 1369 547 1445 rarilfime
571 1371 790 1468 cbntingere.
805 1428 828 1460 ‚‚
855 1373 1026 1452 Observe-

136 1489 173 1542 ne
205 1469 268 1544 hic
305 1467 471 1556 strictim,
511 1468 550 1545 δι
583 1470 697 1545 veluti
730 1470 768 1544 in
793 1470 1022 1565 transcursu,

136 1567 238 1644 neas
272 1567 343 1642 has
368 1566 627 1666 propofitiones
652 1569 946 1659 contradictorie,
981 1586 1027 1650 ut
1118 1637 1120 1641 .

220 1679 282 1743 tur
326 1664 481 1752 scholae,
517 1680 687 1742 accurate
719 1665 780 1741 fibi
812 1667 1023 1768 nppofitas:

136 1688 373 1941 ΡΞ
386 1768 527 1938 Ξ
541 1767 1054 1963 nn

136 1987 225 2046 neas.
255 1988 289 2040 2.
302 1962 465 2038 Blandiri
489 1962 593 2036 illum
614 1962 676 2039 fibi
700 1963 745 2037 de
759 1961 1025 2063 affignatapro-

136 2060 260 2137 iltione
284 2062 441 2159 quadam
453 2061 595 2144 media.
617 2083 703 2136 vera
715 2063 808 2136 inter
823 2064 916 2138 duas
935 2087 1024 2138 con-

136 2160 312 2236 edistorins
336 2159 451 2234 falsas.
502 2157 558 2233 At
581 2159 642 2234 hae
661 2157 742 2234 sunt
769 2162 850 2235 duae
868 2161 1024 2238 haereses

136 2275 214 2335 ntra
237 2260 375 2335 bonam
398 2257 653 2345 Dialecticam,
689 2281 841 2355 quarum
864 2258 927 2358 ipsi
961 2283 1026 2335 ve·

136 2358 249 2433 efieri
274 2356 407 2455 potest,
434 2357 606 2452 quoniam
628 2354 675 2430 ad
686 2358 816 2431 harum
833 2378 953 2453 rerum
968 2359 1027 2456 in·

136 2455 327 2553 iigentiaen
354 2454 462 2553 ipsius
500 2452 534 2527 ie
556 2454 742 2549 ingemum
766 2479 840 2531 non
861 2456 1024 2553 porrigit.

136 2576 300 2654 egmnus.

187 2789 381 2890 Postquam
404 2790 528 2887 itaque
547 2786 688 2887 placide
712 2787 861 2881 omnIno
883 2781 923 2866 &
949 2785 1030 2868 sua.

136 2909 183 2968 ter
207 2891 407 2967 doctrinam
430 2888 572 2965 Calvini
602 2889 648 2962 de
680 2886 895 2984 impotentia
917 2889 1029 2965 amite

136 2991 190 3084 ndi
210 2987 388 3088 justitiam
399 2986 643 3084 impugnavit,
660 2984 789 3060 eodem
809 2986 822 3058 i
847 2983 959 3062 semet
969 3010 1027 3062 re-

136 3103 168 3178 t,
188 3088 228 3166 ὅ(
252 3087 421 3163 omnibus
447 3086 582 3161 viribus
616 3108 699 3161 earn
722 3009 951 3160 corrossorare
973 3085 1028 3161 la-

136 3202 194 3265 ·rat
210 3244 220 3278 ,
239 3187 313 3263 hac
335 3200 459 3260 tamen
483 3183 650 3282 cautione
682 3181 868 3270 adhibita,
895 3195 939 3258 ut
962 3206 1029 3257 vo·

136 3275 473 3389 neiuamiffl'biiitatis
510 3297 631 3358 mutet
666 3281 706 3357 in
739 3304 868 3357 vocem
883 3308 885 3312 ’
893 3278 1029 3383 stabiti-

136 3389 183 3466 ΡΙ.
252 3383 362 3474 Quod
386 3406 472 3459 vero
505 3381 626 3458 zelum
650 3379 759 3478 hujus
798 3378 949 3478 Diaconi
983 3378 1032 3455 ad

136 3487 179 3564 ud
204 3482 412 3564 conandum
434 3482 620 3568 accendit,
652 3501 790 3555 novum
813 3477 917 3552 nobis
942 3531 953 3562 ‚
988 3477 1030 3555 &

136 3583 225 3662 'num
250 3581 376 3676 ,videri
408 3605 481 3656 non
516 3580 646 3672 debet;
683 3602 767 3653 cum
804 3575 901 3662 enim
932 3576 1031 3674 apud

136 3681 303 3760 nscnistas
323 3680 490 3755 homines
501 3678 664 3777 profani,
689 3676 727 3752 &
741 3674 825 3774 ipsae
837 3674 950 3758 etiam
961 3673 1031 3751 iae-

136 3773 201 3860 [nae
219 3781 305 3882 jure
328 3777 368 3856 &
391 3777 564 3875 potestate
584 3776 731 3860 valeant
754 3771 920 3849 audiendi
944 3796 1031 3848 con·

136 3897 266 3970 nites,
291 3876 335 3962 ὅ(
355 3876 563 3954 directions
576 3877 781 3952 animorum
804 3871 936 3966 agendi
960 3893 1033 3964 ne-

136 3983 254 4072 tium,
281 3981 417 4077 quanto
440 3974 670 4154 maQisahmc
704 3971 739 4051 se
758 3991 868 4106 ¹curae
890 3970 1037 4155 'nagge-
