<?xml version="1.0" encoding="UTF-8"?>
<!DOCTYPE html PUBLIC "-//W3C//DTD XHTML 1.0 Transitional//EN"
    "http://www.w3.org/TR/xhtml1/DTD/xhtml1-transitional.dtd">
<html xmlns="http://www.w3.org/1999/xhtml" xml:lang="en" lang="en">
 <head>
  <title>
</title>
<meta http-equiv="Content-Type" content="text/html;charset=utf-8" />
  <meta name='ocr-system' content='tesseract 3.04.00' />
  <meta name='ocr-capabilities' content='ocr_page ocr_carea ocr_par ocr_line ocrx_word'/>
</head>
<body>
  <div class='ocr_page' id='page_1' title='image "./veritasconsilii00unkngoog_0025.png"; bbox 0 0 2492 4509; ppageno 0'>
   <div class='ocr_carea' id='block_1_1' title="bbox 278 613 902 754">
    <p class='ocr_par' dir='ltr' id='par_1_1' title="bbox 278 613 902 754">
     <span class='ocr_line' id='line_1_1' title="bbox 278 613 902 754; baseline 0.008 -20"><span class='ocrx_word' id='word_1_1' title='bbox 278 613 523 734; x_wconf 59' lang='grc' dir='ltr'><em>Μ</em></span> <span class='ocrx_word' id='word_1_2' title='bbox 551 615 624 732; x_wconf 84' lang='grc' dir='ltr'>(ο)</span> <span class='ocrx_word' id='word_1_3' title='bbox 651 619 902 754; x_wconf 55' lang='lat' dir='ltr'>wita,</span> 
     </span>
    </p>
   </div>
   <div class='ocr_carea' id='block_1_2' title="bbox 130 843 1054 1554">
    <p class='ocr_par' dir='ltr' id='par_1_2' title="bbox 130 843 1054 1554">
     <span class='ocr_line' id='line_1_2' title="bbox 130 843 1054 970; baseline 0.005 -30"><span class='ocrx_word' id='word_1_4' title='bbox 130 903 164 952; x_wconf 63' lang='lat'>‚2</span> <span class='ocrx_word' id='word_1_5' title='bbox 179 847 294 968; x_wconf 32' lang='lat' dir='ltr'>,quiis</span> <span class='ocrx_word' id='word_1_6' title='bbox 310 843 511 952; x_wconf 83' lang='lat' dir='ltr'>fiduciam</span> <span class='ocrx_word' id='word_1_7' title='bbox 523 851 737 942; x_wconf 88' lang='lat' dir='ltr'>eliminare</span> <span class='ocrx_word' id='word_1_8' title='bbox 748 853 909 970; x_wconf 79' lang='lat' dir='ltr'>poffent</span> <span class='ocrx_word' id='word_1_9' title='bbox 921 881 973 944; x_wconf 90' lang='lat' dir='ltr'>ac</span> <span class='ocrx_word' id='word_1_10' title='bbox 985 853 1054 962; x_wconf 80' lang='lat' dir='ltr'>de·</span> 
     </span>
     <span class='ocr_line' id='line_1_3' title="bbox 132 965 1053 1068; baseline 0.008 -13"><span class='ocrx_word' id='word_1_11' title='bbox 132 1023 167 1068; x_wconf 75' lang='lat'>„</span> <span class='ocrx_word' id='word_1_12' title='bbox 182 965 360 1066; x_wconf 88' lang='lat' dir='ltr'>betent,</span> <span class='ocrx_word' id='word_1_13' title='bbox 376 985 426 1057; x_wconf 91' lang='lat' dir='ltr'>ut</span> <span class='ocrx_word' id='word_1_14' title='bbox 444 965 737 1068; x_wconf 75' lang='lat' dir='ltr'>haeredem,</span> <span class='ocrx_word' id='word_1_15' title='bbox 755 999 853 1060; x_wconf 91' lang='lat' dir='ltr'>cum</span> <span class='ocrx_word' id='word_1_16' title='bbox 873 971 928 1060; x_wconf 90' lang='lat' dir='ltr'>ab</span> <span class='ocrx_word' id='word_1_17' title='bbox 949 973 1053 1064; x_wconf 84' lang='lat' dir='ltr'>eius-</span> 
     </span>
     <span class='ocr_line' id='line_1_4' title="bbox 132 1083 1053 1186; baseline 0.007 -12"><span class='ocrx_word' id='word_1_18' title='bbox 132 1083 1053 1186; x_wconf 82' lang='lat' dir='ltr'>„modiconscientiarummoderatoribusac</span> 
     </span>
     <span class='ocr_line' id='line_1_5' title="bbox 132 1199 1052 1320; baseline 0.004 -30"><span class='ocrx_word' id='word_1_19' title='bbox 132 1255 159 1300; x_wconf 86' lang='lat'>„</span> <span class='ocrx_word' id='word_1_20' title='bbox 184 1199 447 1290; x_wconf 76' lang='lat' dir='ltr'>eontetsariir</span> <span class='ocrx_word' id='word_1_21' title='bbox 467 1229 549 1292; x_wconf 89' lang='lat' dir='ltr'>nec</span> <span class='ocrx_word' id='word_1_22' title='bbox 563 1201 778 1293; x_wconf 83' lang='lat' dir='ltr'>confilium</span> <span class='ocrx_word' id='word_1_23' title='bbox 792 1222 954 1320; x_wconf 84' lang='lat' dir='ltr'>petere,</span> <span class='ocrx_word' id='word_1_24' title='bbox 971 1232 1052 1306; x_wconf 82' lang='lat' dir='ltr'>nec</span> 
     </span>
     <span class='ocr_line' id='line_1_6' title="bbox 132 1313 1051 1436; baseline 0.008 -33"><span class='ocrx_word' id='word_1_25' title='bbox 132 1371 163 1416; x_wconf 82' lang='lat'>„</span> <span class='ocrx_word' id='word_1_26' title='bbox 180 1313 410 1436; x_wconf 73' lang='lat' dir='ltr'>proefidium</span> <span class='ocrx_word' id='word_1_27' title='bbox 434 1318 625 1408; x_wconf 85' lang='lat' dir='ltr'>adversus</span> <span class='ocrx_word' id='word_1_28' title='bbox 650 1347 805 1408; x_wconf 88' lang='lat' dir='ltr'>errores</span> <span class='ocrx_word' id='word_1_29' title='bbox 831 1319 1051 1410; x_wconf 84' lang='lat' dir='ltr'>admittere</span> 
     </span>
     <span class='ocr_line' id='line_1_7' title="bbox 134 1431 1050 1554; baseline 0.005 -33"><span class='ocrx_word' id='word_1_30' title='bbox 134 1487 160 1534; x_wconf 85' lang='lat'>,‚</span> <span class='ocrx_word' id='word_1_31' title='bbox 174 1433 321 1552; x_wconf 66' lang='lat' dir='ltr'>ausuri</span> <span class='ocrx_word' id='word_1_32' title='bbox 336 1433 496 1536; x_wconf 74' lang='lat' dir='ltr'>edent,</span> <span class='ocrx_word' id='word_1_33' title='bbox 524 1431 688 1540; x_wconf 76' lang='lat' dir='ltr'>facilius</span> <span class='ocrx_word' id='word_1_34' title='bbox 705 1437 942 1554; x_wconf 84' lang='lat' dir='ltr'>certiusque</span> <span class='ocrx_word' id='word_1_35' title='bbox 959 1463 1050 1532; x_wconf 81' lang='lat' dir='ltr'>cot·</span> 
     </span>
    </p>
   </div>
   <div class='ocr_carea' id='block_1_3' title="bbox 132 1553 1053 1786">
    <p class='ocr_par' dir='ltr' id='par_1_3' title="bbox 132 1553 1053 1786">
     <span class='ocr_line' id='line_1_8' title="bbox 132 1553 1053 1786; baseline 0.005 -147"><span class='ocrx_word' id='word_1_36' title='bbox 132 1553 603 1786; x_wconf 32' lang='lat' dir='ltr'>:affigi-affin}</span> <span class='ocrx_word' id='word_1_37' title='bbox 613 1572 751 1768; x_wconf 66' lang='lat' dir='ltr'>²atque</span> <span class='ocrx_word' id='word_1_38' title='bbox 771 1554 819 1644; x_wconf 84' lang='lat' dir='ltr'>in</span> <span class='ocrx_word' id='word_1_39' title='bbox 841 1553 1053 1662; x_wconf 78' lang='lat' dir='ltr'>erroribus¹</span> 
     </span>
    </p>
   </div>
   <div class='ocr_carea' id='block_1_4' title="bbox 83 1895 1060 3518">
    <p class='ocr_par' dir='ltr' id='par_1_4' title="bbox 83 1895 1060 3518">
     <span class='ocr_line' id='line_1_9' title="bbox 178 1895 1052 2014; baseline 0.002 -24"><span class='ocrx_word' id='word_1_40' title='bbox 178 1951 209 2000; x_wconf 81' lang='lat'><strong>„</strong></span> <span class='ocrx_word' id='word_1_41' title='bbox 233 1895 277 1990; x_wconf 85' lang='lat' dir='ltr'>Si</span> <span class='ocrx_word' id='word_1_42' title='bbox 304 1897 379 1996; x_wconf 78' lang='lat' dir='ltr'>iv.</span> <span class='ocrx_word' id='word_1_43' title='bbox 396 1925 452 1988; x_wconf 91' lang='lat' dir='ltr'>ne</span> <span class='ocrx_word' id='word_1_44' title='bbox 470 1899 705 2014; x_wconf 79' lang='lat' dir='ltr'>authoritas</span> <span class='ocrx_word' id='word_1_45' title='bbox 730 1899 880 1990; x_wconf 84' lang='lat' dir='ltr'>summi</span> <span class='ocrx_word' id='word_1_46' title='bbox 907 1899 1052 1992; x_wconf 85' lang='lat' dir='ltr'>Ponti·</span> 
     </span>
     <span class='ocr_line' id='line_1_10' title="bbox 134 2013 1054 2140; baseline 0.007 -38"><span class='ocrx_word' id='word_1_47' title='bbox 134 2065 158 2114; x_wconf 73' lang='lat' dir='ltr'><strong>n</strong></span> <span class='ocrx_word' id='word_1_48' title='bbox 182 2013 300 2118; x_wconf 82' lang='lat' dir='ltr'>ficis,</span> <span class='ocrx_word' id='word_1_49' title='bbox 320 2015 540 2134; x_wconf 85' lang='lat' dir='ltr'>fiquando</span> <span class='ocrx_word' id='word_1_50' title='bbox 554 2021 757 2140; x_wconf 86' lang='lat' dir='ltr'>dogmata</span> <span class='ocrx_word' id='word_1_51' title='bbox 769 2018 825 2107; x_wconf 94' lang='lat' dir='ltr'>ad</span> <span class='ocrx_word' id='word_1_52' title='bbox 836 2018 1054 2108; x_wconf 86' lang='lat' dir='ltr'>Deismum</span> 
     </span>
     <span class='ocr_line' id='line_1_11' title="bbox 135 2132 1057 2252; baseline 0.003 -30"><span class='ocrx_word' id='word_1_53' title='bbox 135 2185 160 2230; x_wconf 68' lang='lat' dir='ltr'>a</span> <span class='ocrx_word' id='word_1_54' title='bbox 183 2132 459 2252; x_wconf 81' lang='lat' dir='ltr'>perducentia</span> <span class='ocrx_word' id='word_1_55' title='bbox 479 2137 805 2234; x_wconf 78' lang='lat' dir='ltr'>tondemnatet‚</span> <span class='ocrx_word' id='word_1_56' title='bbox 828 2136 949 2235; x_wconf 83' lang='lat' dir='ltr'>illos,</span> <span class='ocrx_word' id='word_1_57' title='bbox 981 2139 1057 2252; x_wconf 92' lang='lat' dir='ltr'>qui</span> 
     </span>
     <span class='ocr_line' id='line_1_12' title="bbox 137 2247 1058 2370; baseline -0.004 -24"><span class='ocrx_word' id='word_1_58' title='bbox 137 2299 161 2346; x_wconf 71' lang='lat' dir='ltr'>a</span> <span class='ocrx_word' id='word_1_59' title='bbox 184 2252 400 2340; x_wconf 86' lang='lat' dir='ltr'>eaincauti</span> <span class='ocrx_word' id='word_1_60' title='bbox 414 2251 632 2370; x_wconf 82' lang='lat' dir='ltr'>&amp;decepti</span> <span class='ocrx_word' id='word_1_61' title='bbox 647 2252 765 2342; x_wconf 88' lang='lat' dir='ltr'>bona</span> <span class='ocrx_word' id='word_1_62' title='bbox 779 2247 862 2340; x_wconf 88' lang='lat' dir='ltr'>fide</span> <span class='ocrx_word' id='word_1_63' title='bbox 876 2255 1058 2370; x_wconf 82' lang='lat' dir='ltr'>amplexi</span> 
     </span>
     <span class='ocr_line' id='line_1_13' title="bbox 140 2365 1058 2468; baseline -0.004 -6"><span class='ocrx_word' id='word_1_64' title='bbox 140 2419 165 2462; x_wconf 68' lang='lat' dir='ltr'>a</span> <span class='ocrx_word' id='word_1_65' title='bbox 190 2365 348 2468; x_wconf 80' lang='lat' dir='ltr'>edent,</span> <span class='ocrx_word' id='word_1_66' title='bbox 375 2367 431 2454; x_wconf 88' lang='lat' dir='ltr'>ad</span> <span class='ocrx_word' id='word_1_67' title='bbox 449 2369 652 2458; x_wconf 77' lang='lat' dir='ltr'>saniorem</span> <span class='ocrx_word' id='word_1_68' title='bbox 677 2388 862 2456; x_wconf 86' lang='lat' dir='ltr'>mentem</span> <span class='ocrx_word' id='word_1_69' title='bbox 885 2396 1058 2459; x_wconf 85' lang='lat' dir='ltr'>revoca·</span> 
     </span>
     <span class='ocr_line' id='line_1_14' title="bbox 139 2485 1058 2588; baseline -0.004 -8"><span class='ocrx_word' id='word_1_70' title='bbox 139 2531 166 2580; x_wconf 70' lang='lat' dir='ltr'>a&gt;</span> <span class='ocrx_word' id='word_1_71' title='bbox 187 2505 270 2588; x_wconf 86' lang='lat' dir='ltr'>tet,</span> <span class='ocrx_word' id='word_1_72' title='bbox 313 2485 464 2574; x_wconf 72' lang='lat' dir='ltr'>iuniiis</span> <span class='ocrx_word' id='word_1_73' title='bbox 486 2485 643 2574; x_wconf 80' lang='lat' dir='ltr'>viribus</span> <span class='ocrx_word' id='word_1_74' title='bbox 664 2485 800 2573; x_wconf 88' lang='lat' dir='ltr'>moliti</span> <span class='ocrx_word' id='word_1_75' title='bbox 829 2485 926 2574; x_wconf 84' lang='lat' dir='ltr'>sunt</span> <span class='ocrx_word' id='word_1_76' title='bbox 959 2491 1058 2576; x_wconf 88' lang='lat' dir='ltr'>Mo·</span> 
     </span>
     <span class='ocr_line' id='line_1_15' title="bbox 137 2599 1056 2702; baseline 0.001 -12"><span class='ocrx_word' id='word_1_77' title='bbox 137 2649 164 2700; x_wconf 74' lang='lat'>2,</span> <span class='ocrx_word' id='word_1_78' title='bbox 184 2599 427 2690; x_wconf 81' lang='lat' dir='ltr'>narchicum</span> <span class='ocrx_word' id='word_1_79' title='bbox 436 2599 630 2692; x_wconf 76' lang='lat' dir='ltr'>Ecclefioe</span> <span class='ocrx_word' id='word_1_80' title='bbox 643 2600 792 2689; x_wconf 86' lang='lat' dir='ltr'>statum</span> <span class='ocrx_word' id='word_1_81' title='bbox 806 2601 1056 2702; x_wconf 82' lang='lat' dir='ltr'>subvertere,</span> 
     </span>
     <span class='ocr_line' id='line_1_16' title="bbox 137 2715 1057 2817; baseline -0.001 -8"><span class='ocrx_word' id='word_1_82' title='bbox 137 2769 162 2814; x_wconf 67' lang='lat' dir='ltr'>a</span> <span class='ocrx_word' id='word_1_83' title='bbox 186 2715 513 2808; x_wconf 67' lang='lat' dir='ltr'>midioeraticum</span> <span class='ocrx_word' id='word_1_84' title='bbox 541 2715 819 2817; x_wconf 84' lang='lat' dir='ltr'>substituere,</span> <span class='ocrx_word' id='word_1_85' title='bbox 852 2716 1057 2810; x_wconf 87' lang='lat' dir='ltr'>iudicium</span> 
     </span>
     <span class='ocr_line' id='line_1_17' title="bbox 138 2827 1056 2954; baseline -0.007 -22"><span class='ocrx_word' id='word_1_86' title='bbox 138 2880 162 2932; x_wconf 73' lang='lat' dir='ltr'>a</span> <span class='ocrx_word' id='word_1_87' title='bbox 182 2833 364 2954; x_wconf 73' lang='lat' dir='ltr'>Papein</span> <span class='ocrx_word' id='word_1_88' title='bbox 377 2834 500 2923; x_wconf 80' lang='lat' dir='ltr'>rebus</span> <span class='ocrx_word' id='word_1_89' title='bbox 515 2827 611 2922; x_wconf 82' lang='lat' dir='ltr'>fidei</span> <span class='ocrx_word' id='word_1_90' title='bbox 624 2862 676 2921; x_wconf 86' lang='lat' dir='ltr'>ac</span> <span class='ocrx_word' id='word_1_91' title='bbox 691 2860 859 2922; x_wconf 89' lang='lat' dir='ltr'>morum</span> <span class='ocrx_word' id='word_1_92' title='bbox 872 2831 968 2926; x_wconf 78' lang='lat' dir='ltr'>salli</span> <span class='ocrx_word' id='word_1_93' title='bbox 985 2863 1056 2926; x_wconf 88' lang='lat' dir='ltr'>ne·</span> 
     </span>
     <span class='ocr_line' id='line_1_18' title="bbox 137 2947 1057 3072; baseline -0.003 -30"><span class='ocrx_word' id='word_1_94' title='bbox 137 3003 161 3050; x_wconf 77' lang='lat' dir='ltr'>a</span> <span class='ocrx_word' id='word_1_95' title='bbox 184 2951 315 3044; x_wconf 84' lang='lat' dir='ltr'>scium</span> <span class='ocrx_word' id='word_1_96' title='bbox 323 2973 551 3072; x_wconf 87' lang='lat' dir='ltr'>proterere,</span> <span class='ocrx_word' id='word_1_97' title='bbox 561 2969 690 3066; x_wconf 87' lang='lat' dir='ltr'>atque</span> <span class='ocrx_word' id='word_1_98' title='bbox 701 2947 815 3039; x_wconf 84' lang='lat' dir='ltr'>hanc</span> <span class='ocrx_word' id='word_1_99' title='bbox 828 2954 1057 3042; x_wconf 84' lang='lat' dir='ltr'>errorisim·</span> 
     </span>
     <span class='ocr_line' id='line_1_19' title="bbox 138 3065 1057 3166; baseline -0.009 0"><span class='ocrx_word' id='word_1_100' title='bbox 138 3117 162 3166; x_wconf 69' lang='lat' dir='ltr'>a</span> <span class='ocrx_word' id='word_1_101' title='bbox 180 3075 433 3162; x_wconf 88' lang='lat' dir='ltr'>munitatem</span> <span class='ocrx_word' id='word_1_102' title='bbox 446 3068 720 3158; x_wconf 82' lang='lat' dir='ltr'>oecumenicia</span> <span class='ocrx_word' id='word_1_103' title='bbox 733 3065 941 3158; x_wconf 81' lang='lat' dir='ltr'>duntaxat</span> <span class='ocrx_word' id='word_1_104' title='bbox 954 3096 1057 3159; x_wconf 89' lang='lat' dir='ltr'><strong>con·</strong></span> 
     </span>
     <span class='ocr_line' id='line_1_20' title="bbox 84 3182 1058 3302; baseline -0.004 -20"><span class='ocrx_word' id='word_1_105' title='bbox 84 3243 86 3248; x_wconf 95' lang='lat'>·</span> <span class='ocrx_word' id='word_1_106' title='bbox 139 3237 168 3284; x_wconf 72' lang='lat' dir='ltr'>a.</span> <span class='ocrx_word' id='word_1_107' title='bbox 183 3187 288 3280; x_wconf 73' lang='lat' dir='ltr'>cittii</span> <span class='ocrx_word' id='word_1_108' title='bbox 298 3187 497 3286; x_wconf 86' lang='lat' dir='ltr'>tribuere,</span> <span class='ocrx_word' id='word_1_109' title='bbox 505 3182 560 3271; x_wconf 82' lang='lat' dir='ltr'>ad</span> <span class='ocrx_word' id='word_1_110' title='bbox 572 3210 666 3300; x_wconf 75' lang='lat' dir='ltr'>qum</span> <span class='ocrx_word' id='word_1_111' title='bbox 678 3186 930 3302; x_wconf 80' lang='lat' dir='ltr'>contemptis</span> <span class='ocrx_word' id='word_1_112' title='bbox 944 3186 1058 3278; x_wconf 90' lang='lat' dir='ltr'><strong>Pon·</strong></span> 
     </span>
     <span class='ocr_line' id='line_1_21' title="bbox 83 3299 1058 3401; baseline -0.004 -5"><span class='ocrx_word' id='word_1_113' title='bbox 83 3359 86 3364; x_wconf 94' lang='lat'>-</span> <span class='ocrx_word' id='word_1_114' title='bbox 139 3355 162 3401; x_wconf 67' lang='lat' dir='ltr'>a</span> <span class='ocrx_word' id='word_1_115' title='bbox 184 3301 306 3396; x_wconf 82' lang='lat' dir='ltr'>tificia</span> <span class='ocrx_word' id='word_1_116' title='bbox 324 3299 608 3394; x_wconf 81' lang='lat' dir='ltr'>decifionibua</span> <span class='ocrx_word' id='word_1_117' title='bbox 658 3327 887 3400; x_wconf 81' lang='lat' dir='ltr'>rovocare,</span> <span class='ocrx_word' id='word_1_118' title='bbox 925 3306 970 3394; x_wconf 83' lang='lat' dir='ltr'>dt</span> <span class='ocrx_word' id='word_1_119' title='bbox 985 3299 1058 3392; x_wconf 85' lang='lat' dir='ltr'>fia</span> 
     </span>
     <span class='ocr_line' id='line_1_22' title="bbox 83 3415 1060 3518; baseline 0.002 -12"><span class='ocrx_word' id='word_1_120' title='bbox 83 3453 88 3506; x_wconf 75' lang='grc' dir='ltr'><strong>ι</strong></span> <span class='ocrx_word' id='word_1_121' title='bbox 140 3423 388 3518; x_wconf 81' lang='lat' dir='ltr'>„concilio</span> <span class='ocrx_word' id='word_1_122' title='bbox 420 3419 607 3508; x_wconf 78' lang='lat' dir='ltr'>damnata</span> <span class='ocrx_word' id='word_1_123' title='bbox 638 3415 829 3518; x_wconf 80' lang='lat' dir='ltr'>ietient,</span> <span class='ocrx_word' id='word_1_124' title='bbox 846 3415 948 3510; x_wconf 93' lang='lat' dir='ltr'>huic</span> <span class='ocrx_word' id='word_1_125' title='bbox 970 3437 1060 3508; x_wconf 89' lang='lat' dir='ltr'>tam</span> 
     </span>
    </p>
   </div>
   <div class='ocr_carea' id='block_1_5' title="bbox 83 3531 1062 3754">
    <p class='ocr_par' dir='ltr' id='par_1_5' title="bbox 83 3531 1062 3754">
     <span class='ocr_line' id='line_1_23' title="bbox 83 3531 1062 3754; baseline -0.009 -119"><span class='ocrx_word' id='word_1_126' title='bbox 83 3587 88 3604; x_wconf 94' lang='lat'>·</span> <span class='ocrx_word' id='word_1_127' title='bbox 115 3531 516 3754; x_wconf 56' lang='lat' dir='ltr'>&#39;ripam</span> <span class='ocrx_word' id='word_1_128' title='bbox 534 3533 766 3656; x_wconf 82' lang='lat' dir='ltr'>Evangelio</span> <span class='ocrx_word' id='word_1_129' title='bbox 782 3532 881 3626; x_wconf 86' lang='lat' dir='ltr'>fidei</span> <span class='ocrx_word' id='word_1_130' title='bbox 904 3535 1062 3628; x_wconf 81' lang='lat' dir='ltr'>habere</span> 
     </span>
     <span class='ocr_line' id='line_1_24' title="bbox 83 3684 524 3752; baseline -0.018 0"><span class='ocrx_word' id='word_1_131' title='bbox 83 3703 93 3721; x_wconf 94' lang='lat'><em>·</em></span> <span class='ocrx_word' id='word_1_132' title='bbox 143 3685 233 3752; x_wconf 73' lang='lat' dir='ltr'>ato</span> <span class='ocrx_word' id='word_1_133' title='bbox 510 3684 524 3744; x_wconf 74' lang='lat' dir='ltr'>r</span> 
     </span>
    </p>
   </div>
   <div class='ocr_carea' id='block_1_6' title="bbox 860 3998 1175 4174">
    <p class='ocr_par' dir='ltr' id='par_1_6' title="bbox 860 3998 1175 4174">
     <span class='ocr_line' id='line_1_25' title="bbox 860 3998 1175 4174; baseline 0.003 -78"><span class='ocrx_word' id='word_1_134' title='bbox 860 4057 895 4106; x_wconf 83' lang='lat'>‚‚</span> <span class='ocrx_word' id='word_1_135' title='bbox 928 3998 1009 4096; x_wconf 72' lang='lat' dir='ltr'>At·</span> <span class='ocrx_word' id='word_1_136' title='bbox 1164 4137 1175 4174; x_wconf 36' lang='lat' dir='ltr'><em>A</em></span> 
     </span>
    </p>
   </div>
   <div class='ocr_carea' id='block_1_7' title="bbox 0 0 1251 4509">
    <p class='ocr_par' dir='ltr' id='par_1_7' title="bbox 0 0 1251 4509">
     <span class='ocr_line' id='line_1_26' title="bbox 0 0 1251 4509; baseline 0 0"><span class='ocrx_word' id='word_1_137' title='bbox 0 0 1251 4509; x_wconf 95' lang='lat' dir='ltr'> </span> 
     </span>
    </p>
   </div>
  </div>
 </body>
</html>
