2492 4509
266 176 2334 466 -

1922 507 1931 528 Ι

354 549 358 554 -
1013 539 1028 552 ,
2250 563 2257 568 ι

414 667 446 720 1
459 667 551 745 72
751 635 1020 718 Veritas
1049 634 1318 737 Confitae‘a‘
1336 633 1759 735 Burgosmoee'
1780 635 1943 718 inm

405 911 454 944 „
497 854 624 956 ipss
701 854 978 948 malum
1051 851 1528 929 machinetur.
1578 893 1613 910 -
1656 895 1691 911 -
1736 895 1773 912 -
1824 855 2279 966 qm'ndoqui-
2328 887 2334 894 ·

402 1009 448 1041 „
497 955 666 1030 dein
709 949 1165 1030 intellexisset
1211 974 1257 1026 a
1306 950 1655 1026 viris'fide
1684 951 1943 1050 dig-ms,
1992 955 2281 1054 Sancyss'-
2318 983 2334 1056 ζ

401 1107 448 1146 ‚,
499 1073 772 1132 tanum.
827 1051 918 1125 de
991 1049 1319 1125 Concilio
1398 1050 1818 1126 Tridentino
1866 1075 2015 1128 non
2061 1053 2282 1134 aliter

399 1205 447 1238 ,,
491 1150 709 1250 loqui,
747 1173 982 1248 quam
1043 1147 1132 1222 de
1181 1148 1495 1223 comitiis
1550 1149 1981 1248 quibusdam
2025 1151 2275 1250 politi-

398 1304 445 1336 „
499 1249 628 1335 cis,
663 1261 744 1327 at
790 1272 883 1324 ue
910 1245 1205 1321 asserere
1229 1301 1246 1331 ,
1301 1246 1477 1322 iliud
1510 1270 1965 1346 nequaquam
2014 1273 2299 1330 verum·

397 1402 446 1435 „
490 1346 709 1434 fuiffe,
745 1273 832 1423 (ἐι
864 1346 1271 1441 legitimum
1296 1345 1702 1420 concilium.
2252 1437 2257 1442 Ι
2298 1411 2307 1422 .

593 1503 636 1534 ,,
684 1446 960 1519 Deinde
1010 1444 1353 1540 quoniam
1401 1444 1775 1540 accepisset
1846 1469 1892 1520 a
1944 1446 2273 1544 pluribus
2330 1529 2334 1536 ,

394 1600 446 1634 ,,
492 1542 920 1640 graviffimis.
945 1596 963 1629 ,
1043 1541 1120 1617 ὃς
1187 1540 1649 1619 veracissimis
1693 1543 1866 1618 viris
1898 1600 1921 1630 ,
1986 1547 2279 1643 Sancy-

391 1699 437 1731 „
485 1666 744 1720 tanum
767 1665 854 1717 eo
878 1640 1259 1716 collineare
1288 1697 1306 1727 ‚
1358 1655 1443 1717 ut
1463 1640 1915 1737 frequentem
1946 1643 2076 1720 SS.
2116 1646 2269 1740 Εμ-
2328 1703 2334 1712 .

393 1798 438 1829 ,,
490 1739 837 1818 charistiae
859 1740 1086 1816 nsum
1131 1737 1343 1814 tollat
1366 1795 1386 1824 ,
1430 1754 1650 1836 atque
1704 1741 1797 1815 ab.
1844 1741 1973 1816 ino
2048 1745 2283 1826 robos,

388 1895 436 1928 ,‚
487 1841 730 1924 etiam,
779 1838 856 1915 &
877 1839 1234 1916 virtutum
1259 1836 1480 1913 studio
1500 1837 1819 1916 addittos
1861 1839 2003 1916 fide
2028 1865 2111 1917 es
2150 1863 2267 1932 at*

385 1993 434 2026 ‚,
482 1951 683 2023 ceat‚
743 1937 815 2012 id
865 1960 957 2011 ue
1006 1934 1129 2010 sub
1203 1935 1546 2012 'mendaci
1617 1937 1921 2014 obtentu
1958 1994 1977 2025 ,
2064 1963 2271 2016 com·

386 2091 436 2124 „
485 2037 800 2112 mendan
850 2057 915 2112 ae
981 2033 1515 2109 communionis
1559 2032 1988 2131 spiritualis»,
2040 2061 2267 2136 quam
2318 2097 2325 2102 -

387 2189 431 2221 ‚‚
487 2133 867 2209 :estimaret
935 2152 1083 2225 prae
1139 2133 1648 2209 communione
1720 2131 2264 2221 sacramentali.
2293 2133 2334 2152 ⁸*
