2492 4509
186 533 194 554 i
513 517 528 534 '⁶
846 513 854 542 ἱ

302 626 548 743 Demostrato.
595 628 687 720 Parr
712 631 779 728 Vh
947 643 1019 748 367

104 839 253 961 paucis
290 829 438 936 uerbis
451 847 632 956 attingere·
666 843 880 958 principiani
904 861 1019 960 quod-³

115 963 249 1044 darn,
296 957 341 1031 de
364 979 448 1052 ·quo
473 956 684 1055 plerumque
720 983 792 1032 non
815 957 911 1062 saus,
924 961 1020 1036 noti·

104 1061 189 1135 tiae
215 1056 387 1132 habetur:
425 1052 555 1153 siquis
581 1078 628 1130 ex
653 1053 835 1154 Episcopis
858 1057 1020 1134 authori·

98 1171 202 1233 tate
227 1154 288 1229 sua
313 1150 475 1240 abusus,
514 1155 689 1229 veritates
712 1153 876 1251 aliquas,
900 1171 1019 1233 certas

107 1256 168 1332 ἀ
192 1250 382 1329 universim
412 1262 601 1349 receptas,
629 1272 711 1349 quae
734 1252 781 1327 ad
806 1251 915 1328 fidem
939 1275 1020 1353 per·

102 1357 276 1432 tinent,
320 1349 547 1437 adoriatur,
589 1350 753 1448 suprema
780 1351 879 1426 curia
901 1352 941 1428 in
962 1375 1020 1438 re·

104 1447 315 1550 primendo
348 1445 425 1545 ejus
471 1453 606 1526 conatu
641 1469 685 1525 ac
708 1449 896 1525 molitione
929 1450 1020 1528 nihil

110 1548 271 1641 haeiitet'
298 1544 433 1624 necesse
457 1544 516 1621 est.

92 1727 97 1738 ³
202 1737 235 1821 ὀ.
262 1735 521 1843 Supremarum
544 1743 737 1822 Curiorum
770 1731 847 1834 est,·
887 1745 1015 1845 injesto

92 1861 195 1919 aeno
232 1866 395 1919 coercere
430 1843 566 1918 Ansam
589 1844 815 1932 Romanam,
840 1860 1013 1923 nesextra

93 1964 187 2018 ,arn
201 1940 521 2033 seraturorbitam;
550 1942 776 2038 presbyteris
798 1960 923 2020 autern
936 1971 1023 2020 con·

92 2054 136 2114 a
169 2040 378 2138 Episcopus,
402 2040 464 2136 qui
484 2039 613 2114 iisdem
636 2041 876 2117 exhibendam
899 2043 1025 2117 Eccle-

92 2154 139 2210 Β
169 2138 431 2214 submissionem
460 2137 495 2211 vi
515 2162 687 2235 metuque
711 2152 925 2236 extorquere
947 2143 1023 2214 ves·

92 2251 183 2325 ut,
216 2237 375 2335 praesidio
398 2233 483 2310 eise:
508 2236 579 2311 hoc
602 2236 673 2314 uus
690 2234 752 2334 jus
781 2237 936 2313 tribunal
959 2266 1019 2333 50.-

92 2333 356 2412 dvocatorurn
379 2332 513 2409 asserit:
539 2332 557 2449 (
570 2331 620 2430 s)
635 2389 667 2424 ,,,
683 2360 757 2409 non
774 2348 920 2410 tantum
932 2355 1019 2412 con-

110 2443 189 2509 tra
209 2434 491 2507 machinationes
508 2432 681 2506 Romanae
695 2431 813 2519 husae,¹
840 2434 1018 2529 inquiunt,-

108 2527 362 2626 Magistratus
387 2530 520 2626 publici
554 2553 682 2604 vocem
719 2529 819 2604 suam
843 2528 1019 2621 sustulere,-

112 2627 172 2708 ἃ
199 2630 372 2726 supremae
383 2628 504 2702 Curiae
526 2630 626 2702 omni
645 2625 706 2704 sua
728 2626 864 2725 objesia
890 2629 1021 2706 autho*

105 2730 244 2804 -ritate
257 2727 385 2801 obnn'ae
403 2724 502 2801 sunt:
531 2740 609 2801 tum
633 2749 782 2824 quoque,
807 2751 890 2803 cum
906 2729 1040 2826 aliqus'

118 2813 265 2902 Galliae·
295 2825 455 2923 Episcopi
481 2848 527 2897 ex
552 2824 790 2901 immoderato
811 2826 849 2900 iri
873 2826 1032 2916 Bullam.

124 2917 333 3019 Unigerirus
373 2922 520 3007 studio,
558 2922 652 2997 hanc
679 2922 789 3021 ipsam
812 2941 878 3021 pro
902 2925 1019 3002 caussa

109 3023 302 3100 acutulo
328 3022 520 3096 obtendere
545 3022 690 3097 voluere
713 3021 869 3098 vexandi
882 3045 925 3098 ac
939 3047 1021 3121 pre·¹
1078 3067 1083 3072 -

116 3123 257 3197 mendi
277 3121 393 3195 sacros
408 3118 584 3194 ministros
598 3119 739 3194 secundi
755 3121 902 3206 ordinis,
927 3124 1020 3196 acri·¹
1084 3143 1092 3152 ·

119 3225 192 3296 ter
218 3219 381 3294 obstitere
408 3217 579 3314 supremae
594 3218 714 3292 Curiae
737 3273 747 3306 ‚
773 3218 811 3296 δι’
832 3232 910 3295 tota
928 3209 966 3294 vi
981 3219 1020 3296 iu

124 3317 425 3416 comprimendos
449 3317 516 3390 hos
543 3313 720 3392 violentos
744 3313 892 3392 assultus'
905 3329 948 3392 uu
963 3313 1020 3392 in··

118 3408 246 3505 jurias
270 3417 473 3490 incubuere.
523 3412 677 3490 Decreta
691 3405 1019 3489 earumdehocnes

124 3517 234 3612 gotio
257 3517 294 3588 in
318 3514 480 3588 omnium
504 3513 670 3588 manibus
697 3511 787 3588 sunt.-
831 3510 884 3586 At
906 3511 1017 3600 iuno,

131 3614 233 3711 quod
245 3626 370 3688 contra
383 3613 480 3685 varia
493 3612 642 3697 monita,
655 3611 825 3686 mandata
836 3607 914 3684 &E
939 3611 1020 3687 isto-⁵

92 3742 95 3770 ι
131 3707 879 3808 iasSuessionensrsEpiscopi7÷Junii1719.
929 3708 1020 3785 'tum
1099 3751 1108 3762 ·

92 3837 103 3878 ι
139 3811 198 3897 est,
222 3809 395 3905 singulare
408 3829 483 3905 prae
500 3808 646 3905 reliquis
659 3806 814 3906 pretium
827 3828 873 3880 ex
888 3829 932 3880 eo
944 3831 1020 3882 mea

92 3995 299 4029 x...-
918 3927 979 3978 re-
1029 3992 1035 4000 p
1111 3983 1116 3992 ,

126 4036 188 4121 μ)
207 3997 1040 4126 &aarum
