2492 4509
399 639 550 732 456
755 625 1021 728 Veritas
1075 622 1334 727 Consilii
1368 618 1783 724 Burgofonte
1852 623 2007 702 fuiti

407 846 532 921 suo
603 843 964 917 axiomate
1040 864 1294 916 omnes
1351 841 1505 938 pias
1550 839 1861 916 aftiones
1888 895 1912 928 ‚
1958 861 2143 937 quas
2186 865 2293 916 ex

404 942 1054 1038 supernaturalibus
1099 941 1401 1013 aliarum
1468 941 1815 1014 virtutmn
1886 943 2295 1014 momentis

405 1065 494 1116 ac
539 1038 930 1113 rationibus
965 1037 1313 1111 efficimus
1340 1093 1359 1124 ,
1411 1041 1505 1111 ad
1552 1041 1857 1111 nihilum
1919 1039 2295 1134 redigunt,

396 1139 482 1213 <Sc
535 1137 910 1212 univerfim
935 1161 1226 1210 omnem
1258 1138 1541 1232 pietatis
1585 1137 1859 1210 sensum
1890 1187 1913 1220 ,
1956 1135 2034 1212 &
2078 1159 2299 1212 exer-

405 1237 658 1311 citium
700 1238 1153 1328 extinguunt‚
1194 1243 1347 1329 quin
1381 1261 1479 1308 res
1522 1235 1934 1309 advertatur.

607 1336 768 1432 jam
817 1357 983 1407 vero
1011 1390 1027 1419 ‚
1078 1333 1441 1429 postquam
1492 1355 1617 1430 per
1698 1331 2005 1408 cauffam
2072 1345 2293 1406 tuen-

403 1435 522 1506 dae
571 1433 994 1529 praestantiae
1032 1487 1050 1515 ,
1104 1456 1190 1505 ac
1234 1433 1607 1526 dignitatis
1659 1433 1929 1506 amoris
1968 1431 2139 1506 DEI
2186 1431 2295 1506 ita

405 1532 827 1605 labesatiata
877 1531 1092 1603 fuerit
1139 1531 1386 1624 religio
1442 1585 1461 1614 ,
1565 1552 1877 1626 pronum
1948 1529 2023 1605 &
2073 1529 2295 1603 facile

406 1629 546 1713 est,
623 1630 810 1703 hanc
856 1627 1074 1723 ipsam
1137 1629 1557 1724 religionem
1650 1627 1929 1724 prorsus
2006 1625 2295 1726 pessun-

405 1730 581 1800 dare
627 1751 648 1818 ;
725 1751 956 1822 neque
1014 1726 1206 1799 enim
1312 1728 1550 1823 aliquo
1632 1726 1773 1800 alio
1858 1749 2051 1824 ‚opus
2103 1724 2205 1800 est
2262 1781 2291 1812 ,

405 1849 628 1920 quam
677 1839 759 1898 ut
804 1827 1226 1898 exercitium
1324 1825 1693 1899 charitatis
1796 1823 1915 1898 seu
2008 1825 2291 1900 amoris

404 1923 575 1997 DEI
626 1936 778 1995 tam
845 1925 1147 1996 arduum
1201 1925 1585 2008 reddatur,
1634 1935 1716 1996 ut
1784 1923 2029 1998 nullus
2066 1921 2291 2020 ipsius

401 2021 718 2114 amplius
765 2022 932 2096 usus
970 2021 1101 2094 effe
1164 2019 1383 2114 possit.
1510 2021 1707 2095 Num
1758 2037 2007 2096 autem
2059 2022 2287 2119 impia

405 2123 795 2207 diminuta,
845 2143 1005 2191 iun}
1057 2123 1394 2191 hactenus
1450 2143 1534 2191 ex
1579 2123 1766 2191 insita
1814 2119 2010 2204 suut,
2058 2123 2286 2195 alium
