2492 4509
94 194 108 701 i
360 623 609 729 murm.
647 628 733 708 nn
746 631 796 710 11.
1028 654 1074 742 25

97 895 105 940 ι
149 855 283 932 nunt,
307 865 377 943 per
412 843 603 920 duodecim
638 843 788 934 sanum,
828 845 923 924 hanc
941 873 1065 952 *regu-

95 949 104 1034 l
146 995 164 1028 „
180 943 247 1022 lam
259 943 374 1018 secuti
389 941 486 1029 sunt,
506 959 548 1016 ut
559 965 605 1016 ex
618 948 718 1020 omni
741 945 980 1028 Ecclessa'stica
1008 956 1064 1030 lni-

96 1121 100 1128 ,
144 1093 162 1126 .,
177 1041 274 1122 storin
307 1039 467 1128 scimus,
497 1041 780 1141 volueruntque,
805 1059 847 1120 ut
877 1044 983 1144 ipfius
1010 1050 1061 1127 sa·

95 1189 100 1214 2
142 1191 159 1224 η
176 1142 329 1230 oerdotis
357 1137 536 1226 sententia
556 1141 712 1218 adhunc
726 1141 825 1218 aSS.
842 1144 1061 1225 Euclrarirlia

94 1218 100 1352 i
143 1289 159 1322 η
175 1239 373 1320 abstinendi
396 1261 543 1338 poeuam
569 1239 894 1316 condemnarentur
914 1298 924 1330 ‚
949 1247 1059 1321 reser-

94 1355 100 1458 Ι
141 1357 253 1421 „rata
291 1355 418 1414 tamen
448 1337 508 1434 spe.
528 1337 576 1412 ad
599 1339 701 1414 illum
721 1339 918 1426 redeundi,
945 1366 1059 1440 eaque
1128 1345 1133 1352 “

95 1461 99 1524 l
142 1435 339 1522 uiuendi,
367 1433 552 1534 postquam
576 1435 693 1514 aluis
732 1438 890 1532 peccatis
916 1438 954 1516 &
979 1465 1057 1521 rna-
1167 1477 1170 1490 ·

94 1526 101 1629 i
142 1585 158 1616 n
175 1537 263 1612 culis
276 1557 344 1634 per
355 1535 501 1633 plenam
515 1534 751 1630 &integram
776 1533 1054 1616 satisfailionem

94 1632 103 1726 ς’·
143 1683 160 1716 n
174 1633 311 1712 luissent
319 1635 522 1731 expurgati.
571 1630 626 1708 At
650 1633 821 1730 quoniam
833 1633 893 1708 hic
916 1633 1055 1712 sanstus

95 1743 101 1808 l
141 1731 204 1812 n&
226 1735 404 1830 antiquus
429 1755 510 1806 mos
540 1731 663 1806 minus
692 1729 864 1817 usitamus,
889 1731 929 1807 dc
954 1758 1055 1810 corn-

139 1877 156 1912 „
171 1833 287 1910 nonis
304 1830 416 1906 modo
434 1828 483 1906 ost
504 1829 542 1904 in
561 1827 733 1912 Ecclesia.
760 1843 868 1926 atque
897 1830 990 1907 alius
1011 1833 1050 1910 in

95 2011 98 2016 ,
139 1979 155 2010 o
172 1953 207 2006 ea
230 1929 468 2014 dominatur,
494 1927 552 2002 sed
575 1928 829 2003 multominus
853 1928 1047 2024 praestans4

95 2037 98 2096 i
139 2027 202 2106 „dr
223 2053 336 2126 quem
373 2027 506 2104 laxitas
532 2049 675 2102 morum
705 2027 801 2123 apud
831 2025 1049 2103 Christianos

94 2133 98 2156 ²
137 2177 152 2206 n
170 2143 340 2223 tanquam
361 2126 477 2218 magis
500 2125 669 2200 uirtutum
690 2124 728 2200 dc
754 2124 972 2201 ordinarium
995 2128 1050 2201 in·

136 2228 290 2310 „venit,
319 2246 446 2298 contra
474 2224 666 2319 principale
696 2237 845 2308 votum,
871 2223 909 2299 dr
930 2226 1048 2298 inten-

94 2325 99 2420 ἶ
133 2373 150 2402 n
168 2327 302 2399 tionem
333 2321 530 2407 Ecclesia,
562 2323 620 2396 cui
645 2322 740 2418 prior
772 2321 908 2418 semper
929 2324 1047 2417 magis

94 2425 99 2448 '
131 2473 149 2502 „
166 2425 260 2498 cordi
289 2421 382 2506 fuit,
408 2423 546 2516 eritque
574 2418 710 2516 semper
735 2418 843 2516 usque
863 2420 910 2497 ad
937 2421 1047 2496 finem

93 2555 97 2582 ¹
131 2521 303 2600 inmundi·
332 2520 439 2604 &0099

91 2586 99 2696 i
209 2618 470 2715 Exprinnninus
488 2617 653 2692 modoex
667 2615 736 2690 hac
758 2615 939 2700 dostrina,
965 2638 1045 2711 quae

125 2715 200 2792 adeo
227 2714 382 2814 pretiosa
417 2714 484 2790 elle
516 2715 703 2813 jaciatur,
744 2714 964 2799 medullam,
1003 2738 1046 2788 ac

123 2819 280 2911 quintum
320 2816 428 2888 ueluti
461 2814 658 2894 ellentiam,
725 2813 850 2911 ltaque
871 2813 977 2888 hodie
1000 2814 1046 2887 ab

121 2909 359 2989 Eucharistica
373 2913 492 2988 mensu
507 2915 552 2988 ob
563 2914 713 2987 minima
724 2928 868 3008 peccata
879 2912 1046 2986 mortalia

85 3079 89 3104 ,
120 3013 305 3096 inlinere,
320 3027 428 3107 atque
449 3011 619 3092 abstinete
639 3012 788 3094 tamdiu,
803 3011 889 3100 dum
905 3011 984 3105 quis
999 3009 1045 3082 ub

85 3109 87 3182 ἔ
117 3113 283 3186 onnibus
303 3108 374 3182 suis
396 3110 549 3196 maculis
564 3133 625 3207 per
648 3109 840 3206 plenam&
853 3106 1045 3205 perl'eiiam

85 3197 87 3220 ¹
117 3203 392 3286 satisfactionem
414 3207 522 3294 fuerit
544 3209 762 3286 emundatos
783 3264 798 3291 ,,
821 3206 1047 3301 Jundusqru'·

116 3309 182 3384 dun
208 3307 255 3382 ΕΞ
280 3313 435 3402 ‹nn-‘iquos
470 3332 538 3382 mos
562 3304 642 3408 est?
678 3305 815 3386 Verum
840 3305 938 3378 hunc
966 3325 1045 3375 mo·

116 3425 183 3484 rem
210 3404 373 3482 Ecclesia
400 3429 587 3501 nunquam
615 3405 716 3480 novit
728 3429 738 3496 ;
764 3426 849 3497 ergo
876 3425 942 3476 nec
968 3413 1042 3474 tam

117 3501 265 3590 noenu,
291 3525 361 3578 nec
386 3519 462 3578 tam
484 3505 654 3600 antiquus
675 3502 736 3578 eli„
786 3503 878 3580 llaec
901 3499 946 3573 ab
973 3498 1045 3570 Eu·

117 3605 294 3681 ciariliica
318 3600 442 3676 mensa
474 3600 671 3697 segregatio
708 3597 916 3680 adunirabile
946 3617 1046 3670 arca-

113 3725 191 3778 uum
220 3705 273 3778 eli
310 3699 465 3797 sanandi
497 3724 553 3774 cur
588 3704 699 3776 dolore
734 3712 935 3794 peccalorum
966 3694 1050 3785 suo·

113 3825 175 3878 run
200 3803 381 3902 saucium.
435 3799 528 3884 Quid
562 3797 788 3873 fibi'volunt
826 3795 906 3866 lime
941 3788 1050 3861 verba

112 3897 295 3992 sonantia,
337 3894 466 3976 sensus
500 3897 645 4076 ἰὲωιίε,
672 3916 827 3996 quorum
865 3885 1049 3964 involucro

550 4027 572 4094 3
858 4029 867 4042 ··
939 4009 1005 4062 llo-
