2492 4509
371 660 514 742 308
577 631 582 636 ’
707 640 968 760 Veritas
1023 641 1296 756 Copfilx't‘
1318 637 1757 772 Burgbsontae.
1786 643 1947 724 init}

381 909 428 950 ,-‚
480 859 630 934 dixi
672 913 691 944 ,
738 857 918 931 nihil
964 856 1126 932 illos
1168 857 1306 934 hac
1356 857 1445 932 de
1496 880 1574 933 re
1620 859 1941 958 profiteri
1979 915 2002 949 ,
2054 855 2247 940 nihil

380 1014 428 1048 ‚‚
482 956 785 1031 credere.
816 1009 858 1040 ‚.
2092 1040 2109 1058 ⁸

287 1137 293 1141 ,
576 1051 683 1128 At
745 1053 1145 1132 tribuamus
1181 1047 1305 1150 J‘us
1344 1110 1363 1141 ,
1446 1054 1562 1129 cui
1607 1053 1927 1130 debetur.
2027 1051 2251 1142 Quod

380 1155 500 1228 hic
563 1167 715 1226 tam
758 1149 1110 1225 affirmate
1170 1154 1538 1226 contendit
1585 1152 1867 1250 Jurieus
1915 1205 1937 1237 ‚
1984 1159 2249 1228 v'erum

380 1276 528 1326 non
552 1249 687 1338 est,
737 1249 788 1323 s1
833 1249 1224 1348 speeientur
1267 1247 1356 1336 ii,
1409 1274 1589 1346 quos
1632 1255 1867 1348 vulgus
1906 1243 2252 1349 jansen-

364 1353 600 1452 sticum
677 1373 719 1424 a
771 1349 1030 1446 pellare
1103 1345 1463 1445 possumus
1526 1403 1546 1434 ,
1621 1363 1797 1445 puta
1869 1403 1890 1434 ,
1966 1347 2247 1424 multos

379 1446 641 1523 Ecclefi
744 1448 893 1520 icos
947 1499 965 1531 ,
1046 1443 1403 1540 religiosos
1450 1502 1469 1533 ,
1540 1445 1770 1522 sacras
1820 1441 2185 1542 Virgines·
2216 1501 2241 1532 ,

378 1547 603 1623 laicos
632 1602 650 1633 ‚
697 1544 1029 1618 faeminas
1082 1546 1319 1618 omnis
1370 1543 1577 1620 sortis
1648 1544 1723 1620 &
1749 1544 2069 1630 ordiniS,
2122 1543 2249 1644 qui

381 1641 779 1744 Jansenistae
809 1640 966 1715 sunt
995 1698 1013 1727 ,
1065 1644 1236 1738 quin
1280 1642 1503 1716 sciant
1532 1700 1549 1727 ‚
1577 1643 1746 1756 quid
1765 1641 2245 1739 Jansenismus

381 1743 467 1817 fit
502 1799 520 1828 ‚
571 1763 704 1814 nec
763 1739 1162 1842 Jansenistae
1209 1739 1371 1816 sunt
1422 1796 1440 1825 ‚
1490 1741 1616 1815 nin
1664 1764 1757 1814 ex
1808 1762 2005 1816 caeca
2062 1763 2247 1838 qua-

383 1841 553 1914 dam
591 1838 810 1912 animi
835 1839 1298 1912 obstinatione
1324 1895 1343 1924 ,
1389 1862 1481 1910 ex
1533 1838 1649 1936 spe
1690 1839 1871 1914 lucri
1907 1893 1926 1925 ,
1978 1861 2071 1912 ex
2098 1839 2249 1936 pri.-

380 1962 505 2014 ma
551 1937 1014 2011 educantium
1074 1935 1513 2011 institutione
1564 1992 1583 2022 ,
1638 1959 1733 2009 ex
1780 1931 2247 2034 c'orrumpen-

376 2036 567 2124 tium
615 2035 995 2145 nequitiaf
1071 2035 1502 2145 Uffssffldsssst
1548 2033 2024 2145 prfflqipitium
2088 2033 2248 2145 ,μᾶ
