2492 4509
465 589 612 667 mb-
758 580 1030 698 meae-
1091 577 1371 684 confini·
1406 575 1841 698 Burgffl
1876 531 2047 658 §.sm

465 797 564 882 hi,
596 793 1006 894 spectabant·
1023 850 1042 878 ‚
1091 808 1179 870 ut
1225 817 1439 873 novae
1463 790 1801 874 Ecclefiae
1822 847 1851 880 ,.
1888 812 2113 892 quam
2134 789 2326 890 supra

468 894 717 970 'ruinas
765 892 1098 970 Ecclesiae
1145 893 1309 992 Jesu
1357 893 1615 971 Christi
1670 883 2027 968 exstruere
2076 891 2326 966 delibess

469 1009 714 1068 ratum
755 992 1067 1072 habebat
1091 1050 1111 1079 ‚
1171 993 1246 1068 in
1287 994 1445 1070 dies
1510 993 1752 1094 plures
1812 987 2225 1088 proselytos
2264 987 2326 1066 δι

469 1085 764 1168 affecl'as
809 1090 919 1186 adj
932 1106 1303 1186 ungerent.
1842 1117 1855 1130 ’

641 1190 989 1280 Quamvis
1039 1212 1210 1266 vero
1282 1190 1749 1285 sancyranus
1822 1185 2107 1264 nullum
2154 1198 2326 1264 tem·

521 1309 656 1373 us,
707 1303 835 1365 aut
879 1287 1122 1363 locum
1159 1290 1554 1388 negligeret
1586 1343 1605 1373 ,
1656 1309 1797 1386 quo
1829 1285 2153 1383 privatos
2198 1284 2326 1360 suae

502 1385 672 1462 estae
748 1387 1163 1464 conciliaret
1190 1443 1210 1472 ‚
1286 1383 1715 1486 potiffimam
1790 1397 2037 1461 tamen
2089 1407 2326 1460 curam

474 1507 560 1562 ac
609 1508 900 1584 operam
945 1510 1031 1560 eo
1077 1485 1432 1560 referebat
1456 1541 1483 1573 2
1556 1499 1644 1561 ut
1692 1499 1927 1564 coetus
1976 1479 2326 1578 religiosos

522 1587 803 1660 artibus.
845 1582 986 1662 suis
1037 1584 1400 1672 addition,
1464 1583 1539 1660 &
1584 1582 1937 1658 obnoxios
1986 1581 2326 1657 redderet.

507 1683 582 1754 'o
631 1681 774 1778 ipso
800 1738 817 1767 ‚
865 1706 1006 1778 quo
1056 1696 1363 1760 novator
1410 1683 1530 1756 hic
1580 1703 1857 1758 errores
1908 1679 2069 1755 suos
2142 1679 2326 1754 diffe-

473 1780 751 1854 minare
845 1795 1160 1880 coeperat
1244 1795 1393 1858 tem
1447 1803 1571 1856 ore
1659 1780 1735 1856 S.
1798 1779 2231 1880 Vincentius
2296 1801 2326 1854 a

473 1875 698 1952 Paulo
746 1876 1024 1954 summo
1073 1879 1297 1956 studio
1342 1905 1385 1955 a
1488 1877 1939 1955 condendam
1985 1875 2326 1953 Miffiona'·

472 1975 748 2052 riorum
817 1976 892 2050 S.
943 1977 1198 2054 Lazari
1266 1977 1905 2074 congregationem
1972 1977 2326 2052 incumbe-

470 2073 598 2149 bat
625 2099 652 2167 3¹
698 2075 900 2151 hunc
939 2074 1327 2172 illaqueare
1368 2101 1414 2151 a
1444 2076 1675 2150 multo
1712 2089 2036 2172 tempore
2083 2075 2326 2185 avebat
