2492 4509
173 617 177 644 Ι
268 703 307 762 ,·
372 627 628 783 :mm
650 669 835 762 Parem.
996 702 1070 779 453

140 897 294 1000 amplior
318 895 471 1000 saeculo,
498 906 623 986 eontra
648 893 840 971 Ecclefiam
868 892 997 971 Christi
1023 917 1070 969 ex

137 1013 233 1076 oerte
248 995 454 1094 'systematis
473 993 593 1070 'forma
610 995 889 1078 rebellantibus,
909 1017 985 1070 ¹non
1008 1017 1073 1090 po-

136 1096 200 1172 test
216 1097 249 1172 is
263 1119 335 1170 non
349 1089 588 1191 graviffimam
607 1090 703 1166 dese
722 1090 951 1190 suspicionem
970 1089 1067 1188 prael·
1133 1149 1137 1158 .

138 1196 231 1274 bere.
283 1192 382 1268 Num
408 1192 591 1268 duntaxat
608 1190 708 1266 larva
724 1191 891 1288 quaedam
917 1188 985 1274 est,
1007 1188 1072 1265 sub
1151 1206 1158 1230 ¹

138 1315 205 1394 que
223 1293 336 1368 latere
348 1287 536 1388 cupiunt?
573 1305 639 1364 aut
651 1289 771 1386 potius
783 1311 899 1363 novus
912 1288 1073 1385 laqueus,
1110 1351 1113 1356 .

138 1409 244 1492 qoem
282 1390 440 1464 oeerunt'
465 1387 588 1485 pietati
621 1387 786 1462 'fidelium
803 1425 825 1472 ‚·
851 1386 909 1460 vel
932 1410 1070 1462 novum

138 1489 329 1570 artificium
346 1503 364 1574 ·,
404 1509 476 1584 quo
498 1486 549 1562 ad'
567 1483 773 1560 evertendae
798 1483 961 1560 funditus
986 1485 1070 1560 reli·
1139 1532 1142 1539 ι

138 1590 253 1688 gionis
289 1585 431 1661 ruinam
466 1581 654 1672 utuntur?
692 1581 782 1680 Eja!
820 1581 1008 1682 sequamur
1032 1582 1072 1658 δι

139 1688 195 1764 hic
232 1701 298 1762 eos
330 1682 594 1782 aliquantulum
631 1703 695 1780 per
726 1679 887 1757 flexuosa·
915 1681 1072 1780 ipsorum

139 1783 348 1864 &verticum
373 1783 410 1858 δι
425 1779 634 1856 'anfrastust
674 1777 813 1878 ipsrmet
847 1780 985 1855 aditum
1007 1805 1074 1854 no-

139 1884 194 1960 bie
212 1867 408 1980 ‘aperienn
444 1899 515 1978 quo
538 1880 575 1953 io
598 1875 679 1953 haec
692 1879 814 1974 >adyto
838 1900 882 1952 ac
905 1877 1073 1973 mysteria

206 1995 380 2058 etremus.
433 1976 650 2064 Quesoerrus
676 1977 750 2053 dux
775 1973 890 2052 noster
915 1977 1008 2063 erit,
1035 1975 1075 2051 &

93 2165 95 2184 ,
176 2093 258 2156 oem
282 2075 457 2177 praeferet.

93 2187 97 2238 ‘⁸
247 2210 323 2285 Cur
340 2207 477 2307 qoaeso,
500 2222 699 2306 atempore
712 2209 972 2306 Burgofontani
990 2233 1074 2284 con·

93 2321 94 2330 ’
141 2323 271 2385 ventus
286 2308 332 2382 ad
352 2309 563 2383 hodiernum
576 2331 690 2403 usque
703 2311 799 2383 diem
824 2323 900 2383 tam
913 2309 1087 2480 gersema-

140 2409 232 2484 inter
252 2404 441 2506 ¹Fastionis
470 2406 657 2501 scriptores
693 2408 880 2481 concordia
937 2410 1077 2483 omina·

143 2523 221 2592 tur,
247 2523 319 2603 qua
343 2527 469 2578 omnes
496 2503 712 2577 Christianos
730 2506 881 2579 virtutes
894 2506 940 2580 ad
963 2503 1075 2580 solam

139 2603 356 2680 charitatem
378 2615 570 2685 revocant,
607 2603 697 2676 adeo
721 2593 890 2699 qui'dem,
929 2617 971 2678 ut
995 2601 1076 2677 nul·

142 2703 176 2780 la
209 2701 252 2778 srt
278 2701 400 2800 fides,
439 2699 537 2774 nulla
561 2698 671 2796 spes,
714 2700 811 2775 nulla
836 2701 926 2796 legis
963 2700 1078 2778 obser·

93 2815 95 2906 ξ
141 2801 289 2885 mutia,
328 2800 465 2884 verbo,
505 2799 602 2872 nulla
649 2800 797 2884 virtus,
834 2799 931 2874 nulla
967 2802 1078 2875 etiam

93 2917 95 2950 ³
141 2899 278 2996 religio,
304 2897 366 2972 ubi
388 2898 507 2973 locum
534 2921 605 2972 non
636 2895 744 2971 h'abet
769 2896 958 2972 charitas?
999 2899 1076 2973 Un-

142 2999 272 3074 denam
298 2997 335 3070 in
360 2996 553 3082 Quesnerro
585 3051 594 3079 ‚
635 2997 696 3092 qui
719 2995 976 3072 antecefforum
1001 2996 1078 3071 suo·

142 3095 427 3190 tumiduntaxat
452 3095 552 3168 Echo
576 3091 623 3167 est
644 3150 653 3178 ‚
694 3096 790 3168 unde
814 3108 937 3169 ortum
971 3097 1078 3169 habet

93 3203 94 3214 ’
141 3190 329 3269 affestatus
367 3192 427 3265 ille
467 3193 615 3266 docendi
640 3215 683 3266 ac
707 3192 876 3266 scribendi
909 3196 1075 3278 modus,

93 3295 95 3332 ¹
142 3316 216 3391 quo
251 3289 372 3366 omnia
408 3290 676 3374 incitamenta,
722 3292 849 3386 quibus
895 3292 940 3364 ad
981 3290 1081 3364 colli·

93 3399 95 3408 '
141 3389 262 3488 genda
286 3409 350 3486 pro
378 3388 504 3461 caelesti
533 3411 664 3462 corona
692 3412 735 3461 ac
759 3390 923 3462 mercede
948 3390 1077 3464 merita

142 3503 377 3572 moveamur,
405 3488 442 3559 in
468 3486 538 3561 solo
564 3485 647 3560 DEI
665 3509 788 3561 amore
807 3485 977 3585 reponit‘,2
1021 3490 1081 3563 An

131 3587 284 3662 'divinus
322 3582 436 3658 noster
472 3585 638 3679 Magister
673 3583 772 3682 jesus
810 3583 968 3658 Christos
1009 3610 1082 3658 non

139 3685 241 3761 aliud
254 3706 340 3770 ῐιος,
368 3706 475 3779 quom
503 3683 593 3755 istud
606 3681 761 3757 docuit?
789 3685 826 3754 1η
842 3705 949 3777 quem
970 3682 1081 3756 fmem

95 3813 97 3818 ·
139 3783 306 3860 Novator
351 3785 410 3855 h'rc
458 3795 633 3879 praeterea
682 3804 828 3855 omnem
882 3780 1082 3853 honorandi

139 3881 263 3957 Deum
281 3879 457 3954 rationem
474 3881 519 3954 ad
535 3903 650 3954 unum
663 3880 743 3954 Dm
763 3900 923 3953 amorem
936 3879 1045 3951 refert
1062 3876 1082 3947 2

138 3977 274 4059 Sanora
296 3976 413 4054 nostra
432 3977 576 4148 religioF
581 3977 680 4052 mille
702 3978 792 4060 ,arias
818 3977 922 4054 nobis
956 3976 1081 4073 foppe-

594 4077 615 4149 r'
624 4102 649 4171 3
998 4076 1054 4150 m·
