2492 4509
199 663 202 668 ¹
231 607 487 712 ‘monstrata
511 613 604 694 Pan
647 625 711 701 Vt.
864 643 935 718 341

147 781 349 900 senisiarurn
385 825 455 901 alia
494 813 666 916 sentiendi
699 829 934 932 &loquendi

146 924 185 998 in
208 923 279 997 hoc
306 946 381 998 non
414 925 561 1009 minus,
590 941 701 1026 atque
724 927 763 1004 in
789 931 933 1006 caeteris

146 1046 162 1095 s
190 1077 199 1107 ‚
235 1020 493 1099 accuratissimo
523 1024 637 1099 studio
658 1025 677 1099 s
696 1025 854 1104 stematis
878 1027 896 1102 s
919 1029 929 1044 '

146 1119 456 1218 rpersequuntur:
481 1122 645 1198 uberiore
726 1119 831 1200 c'res
854 1125 931 1201 dis·
1044 1185 1053 1196 ,

146 1243 184 1293 re
214 1219 323 1313 digna
360 1216 432 1293 est:
460 1240 567 1318 aequo
598 1222 709 1318 igitur
733 1224 855 1299 animo
880 1222 935 1298 se·
1031 1263 1041 1332 χ·

172 1317 388 1392 horrendam
424 1317 519 1392 hanc
553 1316 727 1398 sentinam
755 1316 933 1398 uovorum

146 1442 159 1489 r
183 1416 347 1491 funditus
376 1415 569 1496 exhauriri.
776 1413 779 1428 ’

169 1612 215 1686 ad
240 1611 532 1710 dispensationem
551 1611 699 1714 quidem'
721 1614 934 1697 Sacramen·
998 1691 1004 1704 ,

157 1711 253 1807 quod
287 1715 439 1797 attinet,
469 1713 609 1884 sumpto
640 1736 663 1788 a
697 1712 933 1788 Sacramento

146 1811 226 1885 :rtiae
262 1811 390 1895 initio,
418 1811 540 1885 Dioece
555 1833 585 1883 rs
624 1812 801 1909 quaedam,
827 1811 934 1887 sacile

146 1909 161 1980 i
198 1901 304 2004 opera
329 1931 448 1981 carere
461 1907 614 2082 sisibesti
650 1909 747 1984 *Cur
771 1906 932 1994 autem?

146 2008 217 2101 ruia
254 2007 375 2080 atatis
413 2031 459 2081 no
563 2005 765 2108 Novatores
787 2007 857 2082 hoc
881 2005 933 2082 sa·

146 2121 225 2179 turn
251 2103 469 2201 abrogant?
512 2129 584 2179 non
613 2105 759 2200 quidem
785 2105 866 2180 ideo
877 2103 932 2179 so·

146 2226 242 2300 reque
263 2202 339 2299 jam
363 2205 423 2277 hic
448 2204 493 2275 de
516 2201 577 2276 ista
595 2203 828 2313 abrogatione
854 2201 932 2298 agi·

146 2304 167 2412 d
190 2325 273 2398 quta
298 2302 416 2375 omnis
441 2300 637 2383 Sacerdos,
659 2321 944 2473 upraecrgueome
1029 2293 1034 2304 “

146 2423 219 2484 no,
246 2400 345 2475 nulla
370 2400 481 2473 etiam
505 2397 597 2473 ratu
620 2395 682 2472 srbr
699 2399 744 2473 ab
793 2395 934 2495 piscopo
984 2485 993 2492 ,
1048 2455 1050 2460 .

146 2522 195 2582 ze,
234 2499 281 2571 ad
304 2496 618 2571 administrandum
641 2495 711 2570 hoc
732 2495 934 2571 sacramen·

146 2598 199 2670 ris
237 2595 420 2670 facultatis
459 2595 496 2671 dt
536 2593 766 2670 authoritatis
804 2592 926 2668 habet.

146 2719 206 2790 rgo
231 2695 279 2768 est
301 2693 411 2769 Curio
425 2695 474 2766 “in
495 2689 704 2790 Janseoiana
738 2688 930 2767 Ecclesra‘.²
988 2751 997 2792 ,

148 2807 273 2868 cutum
288 2792 325 2869 ὅ(
347 2792 474 2887 viginti
497 2792 638 2865 circiter
661 2811 776 2866 annos
790 2791 929 2885 Sancy·

146 2891 228 2966 satis
257 2892 384 2968 habuit
408 2913 429 2962 e
451 2887 666 2964 Curionibus
690 2901 747 2964 tot
770 2888 929 2964 minores

146 2992 248 3065 >chiis
271 2990 340 3065 suis
359 2986 549 3087 Episcopos
573 2986 767 3062 sabricare':
792 2985 822 3080 (
818 2993 854 3075 t)
865 2983 932 3058 Pa·
1035 3019 1040 3033 .

146 3098 174 3162 br
197 3088 348 3164 Paroria
371 3088 412 3162 ob
426 3085 594 3182 Episcopo
618 3090 822 3186 constituitur
845 3084 936 3179 quest

146 3189 250 3260 uidam
265 3185 462 3281 Episcopus.-
491 3181 734 3281 Jausenismus
750 3195 829 3276 tum
841 3203 934 3256 non·
1026 3269 1028 3274 Ι

146 3311 168 3359 a
195 3285 435 3368 adoleverat,
472 3292 515 3355 ut
536 3281 671 3378 aliquid
706 3280 825 3381 majus
851 3290 933 3351 ten·

146 3411 155 3456 r
179 3382 238 3457 srbi
262 3380 398 3455 sumere
423 3377 582 3468 auderet.
651 3377 769 3453 Hodie
789 3374 932 3472 igitur,

149 3508 185 3554 nr
218 3480 322 3555 Setia
347 3480 396 3556 ita
423 3476 536 3553 crevit
559 3469 726 3562 viribus,
763 3487 805 3549 ut
851 3493 939 3565 rope

146 3605 171 3652 te
198 3578 363 3653 sudaster
401 3587 541 3670 proruat
566 3596 657 3661 ore,
696 3573 791 3672 quod
827 3496 938 3647 ieutit

146 3734 151 3759 ‚
189 3678 344 3773 quidex
369 3671 641 3857 JaYnsenistarunt
666 3671 764 3748 sensu
788 3667 837 3780 est
862 3667 937 3821 (9311-

378 3774 393 3868 (
454 3797 475 3865 3
803 3790 885 3842 rro.

146 3999 213 4051 bos
242 3986 400 4055 Aurasius
427 4008 505 4075 pag.
533 3991 612 4058 22⁶.
697 4069 699 4074 ,

1035 3985 1054 4146 i
