2492 4509
239 655 245 686 ·.
321 610 574 736 omma
622 610 793 746 Partis.-
850 651 877 704 ;,·
955 633 1025 729 132
1091 578 1164 622 '⁸'

85 849 215 906 ‚rema
231 824 432 910 Provinciae
455 830 554 908 cuna
567 827 742 932 unum
766 819 1027 916 rutenae-u·
1129 792 1131 799 ’

85 927 168 1004 bns
182 923 388 1036 declarabis
402 923 486 1032 est?
533 927 734 1038 Equiden,
761 939 803 1006 ut
826 947 952 1037 reruni
972 927 1026 1004 sa·

85 1023 1027 1236 ffil3r1ugnnof393ussmarligtugdergnnrenfgbogonghaene

85 1221 127 1300 id
151 1233 278 1322 partes
300 1217 454 1326 Janseuu
483 1217 684 1314 trausuffe,
718 1218 766 1324 &¹
798 1219 1026 1325 Jansenrstam

882 1341 1003 1400 metr
1149 1387 1151 1392 .

110 1537 261 1625 ,quemn
275 1516 462 1629 nonrinare
483 1517 536 1594 nii
555 1514 693 1628 juvat.
732 1541 803 1619 qua
819 1605 825 1614 ¹,
852 1539 938 1592 uam
962 1516 1026 1590 de-

132 1635 284 1712 generis
308 1613 418 1712 hujus
441 1614 584 1692 Sodairs
609 1616 765 1710 dedecus
789 1640 815 1692 n
854 1616 928 1693 lam
958 1611 1024 1711 ipsa

133 1709 324 1790 maculam
348 1709 475 1788 afferre
506 1710 638 1813 pessit:
671 1712 793 1792 Ambo
834 1712 1025 1824 participes

134 1822 248 1888 erant
269 1809 557 1910 praestigiarum,
586 1812 694 1891 ambo
718 1809 826 1890 sorori
857 1809 1024 1898 confina,
1126 1891 1129 1896 ,

133 1907 302 2016 rationes
324 1963 334 1996 ,
358 1906 600 2008 adjumenta,
641 1907 784 1986 fraudes
812 1933 856 1990 ac
878 1909 1026 1988 menda·
1079 1995 1081 2000 ,

136 2003 312 2098 ciavoce
352 2029 395 2084 ac
421 2009 561 2084 calerno
584 2006 817 2102 suggerebant
845 2061 854 2091 ,
893 2007 1024 2106 quibus

134 2103 186 2182 P.
210 2102 415 2192 Girardiurn
435 2105 559 2182 tallere
588 2129 632 2184 ac
655 2105 921 2184 circumducere
945 2128 1025 2201 per·
1107 2118 1117 2132 ⁸

135 2215 254 2300 geret.
301 2200 455 2281 Accessit
479 2203 536 2276 his
558 2203 699 2278 duobus
727 2203 884 2288 tertius,
908 2226 1024 2281 novus

132 2299 340 2402 Cadieriae,
369 2300 551 2400 postquam
585 2304 623 2376 P.
648 2301 833 2376 Giraniius
858 2322 939 2374 earn
961 2303 1026 2376 ab·

136 2411 299 2494 egerat,
332 2397 553 2486 conscientiae
577 2398 744 2485 arbiter,
769 2396 949 2496 religiosus
973 2399 1027 2476 al-

137 2511 200 2574 ter
210 2493 316 2574 sacrae
331 2496 479 2574 familiae
508 2496 583 2572 vir.
608 2494 730 2573 Frater
755 2495 925 2572 Nicolaus
950 2497 1023 2574 aS.
1086 2505 1089 2518 '

135 2592 302 2700 Josepho.
353 2595 405 2673 Hi
424 2617 508 2670 curn
535 2594 738 2679 timerent,
765 2618 811 2672 ne
838 2595 1024 2672 Gitardius

136 2716 222 2772 rem
245 2716 390 2776 ornnem
411 2691 630 2794 patefaceret
654 2745 664 2778 ‚
701 2713 876 2790 occupare
907 2691 1025 2770 horni-

135 2813 259 2878 nem,
291 2789 329 2869 bc
360 2809 400 2869 ut
425 2789 628 2868 Cadieriarn
650 2802 753 2869 extra
777 2812 923 2884 omnem
949 2792 1026 2869 cul·

134 2911 228 2992 pam
245 2904 454 2988 ponerent,
491 2913 513 2966 a
540 2887 712 2984 flagitioso
736 2887 796 2968 suo
821 2885 1026 2968 confeffario

134 2987 329 3086 deceptam
346 2988 480 3084 fingere
504 2985 772 3066 constituerunt.
805 2986 930 3086 Itaque
947 3013 1025 3069 ma·

137 3085 234 3186 gicis
243 3085 396 3164 Girardii
418 3085 605 3164 artibus&
618 3085 787 3184 veneficis
799 3087 1020 3162 carminibus

118 3179 311 3264 annau
332 3184 413 3261 illas
432 3183 607 3260 Diuorum
623 3206 754 3270 voces,
780 3183 908 3262 eeases
934 3239 943 3272 ,
970 3185 1024 3260 vi·

137 3279 257 3362 siones
283 3339 293 3368 ‚
315 3282 551 3364 alienationes
573 3277 735 3358 sensuum
759 3338 769 3368 ,
795 3296 920 3377 raptus
945 3337 955 3367 ,
984 3280 1025 3358 ἀ

138 3399 225 3482 quae
252 3381 322 3458 alia
344 3380 521 3475 ejusmodi
542 3376 645 3465 sunt,
673 3382 802 3476 quibus
817 3380 946 3456 bonam
962 3379 1025 3455 Gi·

134 3477 250 3557 rcrdii
277 3476 386 3580 fidem
409 3475 570 3577 improba
600 3477 718 3579 pueba
738 3479 835 3576 prius
871 3477 1025 3555 circum·

137 3589 323 3661 venerat,
350 3577 588 3670 tribuebant,
620 3575 775 3674 eumque
808 3573 1024 3670 graviffimo·

139 3696 225 3752 rum
249 3673 441 3754 criminum
460 3729 470 3761 ‚
493 3671 679 3764 Quietisrni
703 3729 712 3760 ‚
738 3673 825 3750 sacri
848 3673 1021 3764 incestus,

138 3771 231 3850 illati
259 3772 406 3850 abortus
442 3828 452 3860 ,
487 3770 525 3848 δι
561 3771 835 3870 turpiilinrarum
872 3771 1023 3856 aliarum
1098 3797 1101 3806 ’

137 3870 324 3962 sordium,
349 3892 430 3975 quae
454 3868 647 3964 ‘aiminuru
669 3871 813 3950 iliorum
830 3871 1023 3986 indiviauae

631 4021 634 4028 ·
864 3992 975 4049 conu-
1160 3989 1162 3998 '
