<?xml version="1.0" encoding="UTF-8"?>
<!DOCTYPE html PUBLIC "-//W3C//DTD XHTML 1.0 Transitional//EN"
    "http://www.w3.org/TR/xhtml1/DTD/xhtml1-transitional.dtd">
<html xmlns="http://www.w3.org/1999/xhtml" xml:lang="en" lang="en">
 <head>
  <title>
</title>
<meta http-equiv="Content-Type" content="text/html;charset=utf-8" />
  <meta name='ocr-system' content='tesseract 3.04.00' />
  <meta name='ocr-capabilities' content='ocr_page ocr_carea ocr_par ocr_line ocrx_word'/>
</head>
<body>
  <div class='ocr_page' id='page_1' title='image "./veritasconsilii00unkngoog_0341.png"; bbox 0 0 2492 4509; ppageno 0'>
   <div class='ocr_carea' id='block_1_1' title="bbox 418 657 1073 800">
    <p class='ocr_par' dir='ltr' id='par_1_1' title="bbox 418 657 1073 800">
     <span class='ocr_line' id='line_1_1' title="bbox 418 657 1073 800; baseline 0.006 -28"><span class='ocrx_word' id='word_1_1' title='bbox 418 657 660 797; x_wconf 59' lang='lat' dir='ltr'>venustiora.</span> <span class='ocrx_word' id='word_1_2' title='bbox 686 687 869 773; x_wconf 76' lang='lat' dir='ltr'>Parr&#39;sll.</span> <span class='ocrx_word' id='word_1_3' title='bbox 1003 720 1073 800; x_wconf 78' lang='lat'>307</span> 
     </span>
    </p>
   </div>
   <div class='ocr_carea' id='block_1_2' title="bbox 106 907 1102 3763">
    <p class='ocr_par' dir='ltr' id='par_1_2' title="bbox 106 907 1102 3763">
     <span class='ocr_line' id='line_1_2' title="bbox 131 907 1076 1000; baseline 0.001 -12"><span class='ocrx_word' id='word_1_4' title='bbox 131 909 251 994; x_wconf 77' lang='lat' dir='ltr'>animi</span> <span class='ocrx_word' id='word_1_5' title='bbox 275 907 396 987; x_wconf 84' lang='lat' dir='ltr'>sensus</span> <span class='ocrx_word' id='word_1_6' title='bbox 425 907 687 1000; x_wconf 85' lang='lat' dir='ltr'>denudarunt,</span> <span class='ocrx_word' id='word_1_7' title='bbox 721 921 765 988; x_wconf 90' lang='lat' dir='ltr'>ut</span> <span class='ocrx_word' id='word_1_8' title='bbox 790 907 993 988; x_wconf 81' lang='lat' dir='ltr'>Calviniliae</span> <span class='ocrx_word' id='word_1_9' title='bbox 1018 927 1076 988; x_wconf 81' lang='lat' dir='ltr'>ar-</span> 
     </span>
     <span class='ocr_line' id='line_1_3' title="bbox 134 1007 1078 1098; baseline -0.001 -8"><span class='ocrx_word' id='word_1_10' title='bbox 134 1011 263 1092; x_wconf 89' lang='lat' dir='ltr'>bitrati</span> <span class='ocrx_word' id='word_1_11' title='bbox 286 1007 355 1085; x_wconf 90' lang='lat' dir='ltr'>smt</span> <span class='ocrx_word' id='word_1_12' title='bbox 374 1065 384 1098; x_wconf 92' lang='lat'>‚</span> <span class='ocrx_word' id='word_1_13' title='bbox 406 1009 491 1085; x_wconf 90' lang='lat' dir='ltr'>huic</span> <span class='ocrx_word' id='word_1_14' title='bbox 512 1034 534 1085; x_wconf 91' lang='lat' dir='ltr'>a</span> <span class='ocrx_word' id='word_1_15' title='bbox 558 1009 601 1083; x_wconf 91' lang='lat' dir='ltr'>se·</span> <span class='ocrx_word' id='word_1_16' title='bbox 624 1008 749 1084; x_wconf 88' lang='lat' dir='ltr'>foederi</span> <span class='ocrx_word' id='word_1_17' title='bbox 773 1011 921 1086; x_wconf 90' lang='lat' dir='ltr'>omnino</span> <span class='ocrx_word' id='word_1_18' title='bbox 944 1033 1078 1089; x_wconf 82' lang='lat' dir='ltr'>renun-</span> 
     </span>
     <span class='ocr_line' id='line_1_4' title="bbox 136 1105 1079 1210; baseline -0.002 -21"><span class='ocrx_word' id='word_1_19' title='bbox 136 1111 311 1190; x_wconf 86' lang='lat' dir='ltr'>ciandum</span> <span class='ocrx_word' id='word_1_20' title='bbox 335 1105 438 1196; x_wconf 87' lang='lat' dir='ltr'>else,</span> <span class='ocrx_word' id='word_1_21' title='bbox 476 1109 648 1206; x_wconf 87' lang='lat' dir='ltr'>quoniam</span> <span class='ocrx_word' id='word_1_22' title='bbox 670 1107 923 1184; x_wconf 84' lang='lat' dir='ltr'>intellexerant</span> <span class='ocrx_word' id='word_1_23' title='bbox 948 1166 957 1197; x_wconf 95' lang='lat'>,</span> <span class='ocrx_word' id='word_1_24' title='bbox 994 1113 1079 1210; x_wconf 86' lang='lat' dir='ltr'>Jan·</span> 
     </span>
     <span class='ocr_line' id='line_1_5' title="bbox 135 1206 1080 1307; baseline 0.002 -22"><span class='ocrx_word' id='word_1_25' title='bbox 135 1207 283 1285; x_wconf 82' lang='lat' dir='ltr'>senistas</span> <span class='ocrx_word' id='word_1_26' title='bbox 320 1207 437 1282; x_wconf 93' lang='lat' dir='ltr'>multo</span> <span class='ocrx_word' id='word_1_27' title='bbox 479 1207 621 1307; x_wconf 84' lang='lat' dir='ltr'>longius</span> <span class='ocrx_word' id='word_1_28' title='bbox 660 1206 843 1304; x_wconf 89' lang='lat' dir='ltr'>provehi,</span> <span class='ocrx_word' id='word_1_29' title='bbox 878 1208 918 1284; x_wconf 75' lang='lat' dir='ltr'>dc</span> <span class='ocrx_word' id='word_1_30' title='bbox 978 1213 1080 1288; x_wconf 89' lang='lat' dir='ltr'>rocul</span> 
     </span>
     <span class='ocr_line' id='line_1_6' title="bbox 137 1304 1078 1403; baseline 0 -19"><span class='ocrx_word' id='word_1_31' title='bbox 137 1307 227 1384; x_wconf 88' lang='lat' dir='ltr'>serri</span> <span class='ocrx_word' id='word_1_32' title='bbox 250 1319 355 1380; x_wconf 85' lang='lat' dir='ltr'>extra</span> <span class='ocrx_word' id='word_1_33' title='bbox 380 1306 515 1379; x_wconf 89' lang='lat' dir='ltr'>limites</span> <span class='ocrx_word' id='word_1_34' title='bbox 545 1362 554 1390; x_wconf 92' lang='lat'>,</span> <span class='ocrx_word' id='word_1_35' title='bbox 580 1327 671 1403; x_wconf 92' lang='lat' dir='ltr'>quos</span> <span class='ocrx_word' id='word_1_36' title='bbox 697 1304 869 1382; x_wconf 87' lang='lat' dir='ltr'>Calvinus</span> <span class='ocrx_word' id='word_1_37' title='bbox 889 1327 935 1403; x_wconf 92' lang='lat' dir='ltr'>po</span> <span class='ocrx_word' id='word_1_38' title='bbox 950 1308 1078 1396; x_wconf 87' lang='lat' dir='ltr'>uisset,</span> 
     </span>
     <span class='ocr_line' id='line_1_7' title="bbox 139 1400 1084 1516; baseline 0 -34"><span class='ocrx_word' id='word_1_39' title='bbox 139 1425 262 1502; x_wconf 80' lang='lat' dir='ltr'>oeque</span> <span class='ocrx_word' id='word_1_40' title='bbox 296 1403 357 1480; x_wconf 90' lang='lat' dir='ltr'>srbi</span> <span class='ocrx_word' id='word_1_41' title='bbox 392 1400 470 1502; x_wconf 85' lang='lat' dir='ltr'>jam</span> <span class='ocrx_word' id='word_1_42' title='bbox 507 1405 662 1502; x_wconf 86' lang='lat' dir='ltr'>amplius</span> <span class='ocrx_word' id='word_1_43' title='bbox 695 1404 890 1516; x_wconf 82' lang='lat' dir='ltr'>quidquam</span> <span class='ocrx_word' id='word_1_44' title='bbox 925 1403 1008 1480; x_wconf 88' lang='lat' dir='ltr'>lidei</span> <span class='ocrx_word' id='word_1_45' title='bbox 1036 1408 1084 1482; x_wconf 91' lang='lat' dir='ltr'>de</span> 
     </span>
     <span class='ocr_line' id='line_1_8' title="bbox 140 1499 1081 1600; baseline -0.004 -18"><span class='ocrx_word' id='word_1_46' title='bbox 140 1501 366 1600; x_wconf 72' lang='lat' dir='ltr'>Euchatiliia</span> <span class='ocrx_word' id='word_1_47' title='bbox 402 1503 581 1598; x_wconf 89' lang='lat' dir='ltr'>reliquum</span> <span class='ocrx_word' id='word_1_48' title='bbox 614 1499 740 1576; x_wconf 87' lang='lat' dir='ltr'>fecisse.</span> <span class='ocrx_word' id='word_1_49' title='bbox 815 1503 899 1576; x_wconf 88' lang='lat' dir='ltr'>Hoc</span> <span class='ocrx_word' id='word_1_50' title='bbox 922 1503 1081 1578; x_wconf 81' lang='lat' dir='ltr'>minister</span> 
     </span>
     <span class='ocr_line' id='line_1_9' title="bbox 142 1597 1085 1773; baseline -0.003 -94"><span class='ocrx_word' id='word_1_51' title='bbox 142 1597 393 1678; x_wconf 82' lang='lat' dir='ltr'>Calvinisticus</span> <span class='ocrx_word' id='word_1_52' title='bbox 412 1601 569 1773; x_wconf 41' lang='lat' dir='ltr'>Aurieus</span> <span class='ocrx_word' id='word_1_53' title='bbox 608 1615 686 1674; x_wconf 88' lang='lat' dir='ltr'>tam</span> <span class='ocrx_word' id='word_1_54' title='bbox 720 1601 815 1674; x_wconf 91' lang='lat' dir='ltr'>clare</span> <span class='ocrx_word' id='word_1_55' title='bbox 853 1599 935 1698; x_wconf 80' lang='lat' dir='ltr'>ipsis</span> <span class='ocrx_word' id='word_1_56' title='bbox 969 1601 1085 1676; x_wconf 85' lang='lat' dir='ltr'>olien-</span> 
     </span>
     <span class='ocr_line' id='line_1_10' title="bbox 142 1697 1085 1786; baseline 0 -10"><span class='ocrx_word' id='word_1_57' title='bbox 142 1701 236 1786; x_wconf 90' lang='lat' dir='ltr'>dit,</span> <span class='ocrx_word' id='word_1_58' title='bbox 274 1715 316 1773; x_wconf 90' lang='lat' dir='ltr'>ut</span> <span class='ocrx_word' id='word_1_59' title='bbox 353 1698 410 1774; x_wconf 93' lang='lat' dir='ltr'>Do</span> <span class='ocrx_word' id='word_1_60' title='bbox 428 1707 484 1772; x_wconf 86' lang='lat' dir='ltr'>tor</span> <span class='ocrx_word' id='word_1_61' title='bbox 514 1697 733 1783; x_wconf 80' lang='lat' dir='ltr'>ArnalduS,</span> <span class='ocrx_word' id='word_1_62' title='bbox 774 1698 863 1772; x_wconf 84' lang='lat' dir='ltr'>olias</span> <span class='ocrx_word' id='word_1_63' title='bbox 898 1699 1085 1778; x_wconf 89' lang='lat' dir='ltr'>neminem</span> 
     </span>
     <span class='ocr_line' id='line_1_11' title="bbox 144 1795 1084 1885; baseline -0.002 -9"><span class='ocrx_word' id='word_1_64' title='bbox 144 1797 209 1876; x_wconf 89' lang='lat' dir='ltr'>libi</span> <span class='ocrx_word' id='word_1_65' title='bbox 234 1795 482 1873; x_wconf 78' lang='lat' dir='ltr'>adversantem</span> <span class='ocrx_word' id='word_1_66' title='bbox 505 1795 597 1871; x_wconf 89' lang='lat' dir='ltr'>serre</span> <span class='ocrx_word' id='word_1_67' title='bbox 619 1796 744 1872; x_wconf 89' lang='lat' dir='ltr'>solitus</span> <span class='ocrx_word' id='word_1_68' title='bbox 770 1847 780 1884; x_wconf 87' lang='lat'>,</span> <span class='ocrx_word' id='word_1_69' title='bbox 816 1819 889 1872; x_wconf 86' lang='lat' dir='ltr'>non</span> <span class='ocrx_word' id='word_1_70' title='bbox 911 1797 1084 1885; x_wconf 84' lang='lat' dir='ltr'>haberet,</span> 
     </span>
     <span class='ocr_line' id='line_1_12' title="bbox 144 1891 1086 1998; baseline -0.001 -30"><span class='ocrx_word' id='word_1_71' title='bbox 144 1895 246 1998; x_wconf 82' lang='lat' dir='ltr'>qnod</span> <span class='ocrx_word' id='word_1_72' title='bbox 269 1909 470 1994; x_wconf 85' lang='lat' dir='ltr'>reponeret.</span> <span class='ocrx_word' id='word_1_73' title='bbox 544 1895 601 1972; x_wconf 87' lang='lat' dir='ltr'>En</span> <span class='ocrx_word' id='word_1_74' title='bbox 633 1896 742 1971; x_wconf 89' lang='lat' dir='ltr'>verba</span> <span class='ocrx_word' id='word_1_75' title='bbox 777 1894 887 1994; x_wconf 83' lang='lat' dir='ltr'>Juriei</span> <span class='ocrx_word' id='word_1_76' title='bbox 921 1915 936 1968; x_wconf 68' lang='grc' dir='ltr'>ι</span> <span class='ocrx_word' id='word_1_77' title='bbox 981 1891 1037 1993; x_wconf 76' lang='lat' dir='ltr'>(h)</span> <span class='ocrx_word' id='word_1_78' title='bbox 1062 1949 1086 1984; x_wconf 93' lang='lat'>„</span> 
     </span>
     <span class='ocr_line' id='line_1_13' title="bbox 145 1991 1089 2086; baseline -0.001 -16"><span class='ocrx_word' id='word_1_79' title='bbox 145 2049 169 2086; x_wconf 91' lang='lat'>,‚</span> <span class='ocrx_word' id='word_1_80' title='bbox 196 1995 331 2070; x_wconf 86' lang='lat' dir='ltr'>Omnia</span> <span class='ocrx_word' id='word_1_81' title='bbox 355 1993 417 2068; x_wconf 87' lang='lat' dir='ltr'>ista</span> <span class='ocrx_word' id='word_1_82' title='bbox 452 1995 491 2070; x_wconf 90' lang='lat' dir='ltr'>in</span> <span class='ocrx_word' id='word_1_83' title='bbox 514 2017 597 2069; x_wconf 90' lang='lat' dir='ltr'>eam</span> <span class='ocrx_word' id='word_1_84' title='bbox 625 2015 686 2068; x_wconf 92' lang='lat' dir='ltr'>me</span> <span class='ocrx_word' id='word_1_85' title='bbox 720 1991 934 2068; x_wconf 84' lang='lat' dir='ltr'>sententiam</span> <span class='ocrx_word' id='word_1_86' title='bbox 975 1995 1089 2069; x_wconf 82' lang='lat' dir='ltr'>addu-</span> 
     </span>
     <span class='ocr_line' id='line_1_14' title="bbox 144 2087 1089 2189; baseline -0.002 -22"><span class='ocrx_word' id='word_1_87' title='bbox 144 2145 168 2184; x_wconf 90' lang='lat'>„</span> <span class='ocrx_word' id='word_1_88' title='bbox 196 2105 286 2167; x_wconf 84' lang='lat' dir='ltr'>cnut</span> <span class='ocrx_word' id='word_1_89' title='bbox 311 2143 320 2177; x_wconf 86' lang='lat'>‚</span> <span class='ocrx_word' id='word_1_90' title='bbox 348 2087 550 2166; x_wconf 79' lang='lat' dir='ltr'>Arnaldum</span> <span class='ocrx_word' id='word_1_91' title='bbox 581 2149 591 2180; x_wconf 92' lang='lat'>,</span> <span class='ocrx_word' id='word_1_92' title='bbox 628 2091 859 2189; x_wconf 82' lang='lat' dir='ltr'>quantumvis</span> <span class='ocrx_word' id='word_1_93' title='bbox 892 2114 956 2189; x_wconf 94' lang='lat' dir='ltr'>pro</span> <span class='ocrx_word' id='word_1_94' title='bbox 983 2105 1089 2167; x_wconf 85' lang='lat' dir='ltr'>tuen-</span> 
     </span>
     <span class='ocr_line' id='line_1_15' title="bbox 144 2190 1090 2288; baseline -0.002 -22"><span class='ocrx_word' id='word_1_95' title='bbox 144 2249 169 2282; x_wconf 88' lang='lat'>„</span> <span class='ocrx_word' id='word_1_96' title='bbox 195 2193 244 2266; x_wconf 83' lang='lat' dir='ltr'>da</span> <span class='ocrx_word' id='word_1_97' title='bbox 272 2190 661 2265; x_wconf 85' lang='lat' dir='ltr'>transsubstantiatione</span> <span class='ocrx_word' id='word_1_98' title='bbox 682 2190 720 2266; x_wconf 77' lang='lat' dir='ltr'>dt</span> <span class='ocrx_word' id='word_1_99' title='bbox 738 2213 822 2265; x_wconf 87' lang='lat' dir='ltr'>vera</span> <span class='ocrx_word' id='word_1_100' title='bbox 845 2190 971 2264; x_wconf 85' lang='lat' dir='ltr'>Clrrilii</span> <span class='ocrx_word' id='word_1_101' title='bbox 995 2211 1090 2288; x_wconf 88' lang='lat' dir='ltr'>prae·</span> 
     </span>
     <span class='ocr_line' id='line_1_16' title="bbox 146 2288 1092 2386; baseline -0.003 -22"><span class='ocrx_word' id='word_1_102' title='bbox 146 2345 169 2380; x_wconf 92' lang='lat'>‚,</span> <span class='ocrx_word' id='word_1_103' title='bbox 204 2289 317 2364; x_wconf 88' lang='lat' dir='ltr'>sentia</span> <span class='ocrx_word' id='word_1_104' title='bbox 332 2290 446 2363; x_wconf 90' lang='lat' dir='ltr'>multa</span> <span class='ocrx_word' id='word_1_105' title='bbox 460 2290 653 2386; x_wconf 73' lang='lat' dir='ltr'>scripserit,</span> <span class='ocrx_word' id='word_1_106' title='bbox 679 2289 807 2364; x_wconf 88' lang='lat' dir='ltr'>iisdem</span> <span class='ocrx_word' id='word_1_107' title='bbox 819 2302 942 2362; x_wconf 88' lang='lat' dir='ltr'>tamen</span> <span class='ocrx_word' id='word_1_108' title='bbox 959 2288 1092 2385; x_wconf 89' lang='lat' dir='ltr'>ipsum·</span> 
     </span>
     <span class='ocr_line' id='line_1_17' title="bbox 146 2386 1090 2483; baseline -0.003 -21"><span class='ocrx_word' id='word_1_109' title='bbox 146 2447 171 2480; x_wconf 92' lang='lat'>„</span> <span class='ocrx_word' id='word_1_110' title='bbox 198 2407 279 2463; x_wconf 82' lang='lat' dir='ltr'>met</span> <span class='ocrx_word' id='word_1_111' title='bbox 305 2411 449 2460; x_wconf 87' lang='lat' dir='ltr'>omnem</span> <span class='ocrx_word' id='word_1_112' title='bbox 475 2388 581 2460; x_wconf 78' lang='lat' dir='ltr'>sidem</span> <span class='ocrx_word' id='word_1_113' title='bbox 613 2387 798 2483; x_wconf 84' lang='lat' dir='ltr'>derogare.</span> <span class='ocrx_word' id='word_1_114' title='bbox 875 2386 1090 2473; x_wconf 84' lang='lat' dir='ltr'>Caeterum,</span> 
     </span>
     <span class='ocr_line' id='line_1_18' title="bbox 146 2482 1093 2580; baseline -0.002 -20"><span class='ocrx_word' id='word_1_115' title='bbox 146 2539 171 2578; x_wconf 91' lang='lat'><strong>„</strong></span> <span class='ocrx_word' id='word_1_116' title='bbox 197 2485 340 2560; x_wconf 84' lang='lat' dir='ltr'>etiamsi</span> <span class='ocrx_word' id='word_1_117' title='bbox 361 2487 399 2558; x_wconf 88' lang='lat' dir='ltr'>lri</span> <span class='ocrx_word' id='word_1_118' title='bbox 414 2486 562 2559; x_wconf 83' lang='lat' dir='ltr'>Domini</span> <span class='ocrx_word' id='word_1_119' title='bbox 585 2482 602 2578; x_wconf 90' lang='lat'><strong>(</strong></span> <span class='ocrx_word' id='word_1_120' title='bbox 623 2507 644 2556; x_wconf 93' lang='lat' dir='ltr'>e</span> <span class='ocrx_word' id='word_1_121' title='bbox 670 2485 783 2560; x_wconf 92' lang='lat' dir='ltr'>Portu</span> <span class='ocrx_word' id='word_1_122' title='bbox 799 2483 942 2580; x_wconf 88' lang='lat' dir='ltr'>Regio)</span> <span class='ocrx_word' id='word_1_123' title='bbox 969 2506 1093 2559; x_wconf 87' lang='lat' dir='ltr'>veram</span> 
     </span>
     <span class='ocr_line' id='line_1_19' title="bbox 150 2581 1095 2682; baseline -0.002 -24"><span class='ocrx_word' id='word_1_124' title='bbox 150 2637 174 2675; x_wconf 87' lang='lat'>‚,</span> <span class='ocrx_word' id='word_1_125' title='bbox 203 2587 388 2682; x_wconf 89' lang='lat' dir='ltr'>quandam</span> <span class='ocrx_word' id='word_1_126' title='bbox 412 2581 637 2680; x_wconf 80' lang='lat' dir='ltr'>prasentiam</span> <span class='ocrx_word' id='word_1_127' title='bbox 673 2585 889 2667; x_wconf 86' lang='lat' dir='ltr'>crederent,</span> <span class='ocrx_word' id='word_1_128' title='bbox 927 2583 1007 2678; x_wconf 85' lang='lat' dir='ltr'>quis</span> <span class='ocrx_word' id='word_1_129' title='bbox 1028 2607 1095 2657; x_wconf 87' lang='lat' dir='ltr'>no·</span> 
     </span>
     <span class='ocr_line' id='line_1_20' title="bbox 149 2681 1094 2778; baseline -0.001 -22"><span class='ocrx_word' id='word_1_130' title='bbox 149 2737 173 2775; x_wconf 91' lang='lat'>,‚</span> <span class='ocrx_word' id='word_1_131' title='bbox 201 2685 285 2767; x_wconf 86' lang='lat' dir='ltr'>vit,</span> <span class='ocrx_word' id='word_1_132' title='bbox 312 2683 492 2778; x_wconf 90' lang='lat' dir='ltr'>quodnam</span> <span class='ocrx_word' id='word_1_133' title='bbox 514 2681 583 2755; x_wconf 86' lang='lat' dir='ltr'>lrac</span> <span class='ocrx_word' id='word_1_134' title='bbox 611 2681 655 2752; x_wconf 89' lang='lat' dir='ltr'>de</span> <span class='ocrx_word' id='word_1_135' title='bbox 679 2702 717 2752; x_wconf 87' lang='lat' dir='ltr'>ro</span> <span class='ocrx_word' id='word_1_136' title='bbox 740 2682 963 2756; x_wconf 84' lang='lat' dir='ltr'>credulitatis</span> <span class='ocrx_word' id='word_1_137' title='bbox 987 2703 1094 2755; x_wconf 90' lang='lat' dir='ltr'>mon·</span> 
     </span>
     <span class='ocr_line' id='line_1_21' title="bbox 151 2779 1096 2876; baseline -0.006 -18"><span class='ocrx_word' id='word_1_138' title='bbox 151 2841 175 2870; x_wconf 94' lang='lat'>‚‚</span> <span class='ocrx_word' id='word_1_139' title='bbox 203 2784 317 2858; x_wconf 90' lang='lat' dir='ltr'>strum</span> <span class='ocrx_word' id='word_1_140' title='bbox 340 2779 415 2855; x_wconf 90' lang='lat' dir='ltr'>linu</span> <span class='ocrx_word' id='word_1_141' title='bbox 439 2779 498 2854; x_wconf 92' lang='lat' dir='ltr'>suo</span> <span class='ocrx_word' id='word_1_142' title='bbox 522 2779 747 2852; x_wconf 91' lang='lat' dir='ltr'>reconditum</span> <span class='ocrx_word' id='word_1_143' title='bbox 772 2779 931 2876; x_wconf 69' lang='lat' dir='ltr'>gerant?</span> <span class='ocrx_word' id='word_1_144' title='bbox 965 2779 1005 2852; x_wconf 96' lang='lat' dir='ltr'>ld</span> <span class='ocrx_word' id='word_1_145' title='bbox 1019 2801 1096 2852; x_wconf 84' lang='lat' dir='ltr'>cer-</span> 
     </span>
     <span class='ocr_line' id='line_1_22' title="bbox 151 2877 1096 2974; baseline -0.003 -20"><span class='ocrx_word' id='word_1_146' title='bbox 151 2933 175 2970; x_wconf 79' lang='grc'>,.</span> <span class='ocrx_word' id='word_1_147' title='bbox 203 2895 287 2954; x_wconf 87' lang='lat' dir='ltr'>tum</span> <span class='ocrx_word' id='word_1_148' title='bbox 311 2877 382 2960; x_wconf 86' lang='lat' dir='ltr'>cst,</span> <span class='ocrx_word' id='word_1_149' title='bbox 407 2903 473 2952; x_wconf 90' lang='lat' dir='ltr'>nec</span> <span class='ocrx_word' id='word_1_150' title='bbox 497 2900 620 2953; x_wconf 87' lang='lat' dir='ltr'>veram</span> <span class='ocrx_word' id='word_1_151' title='bbox 638 2877 879 2974; x_wconf 80' lang='lat' dir='ltr'>praesentiam‚</span> <span class='ocrx_word' id='word_1_152' title='bbox 899 2892 1096 2954; x_wconf 88' lang='lat' dir='ltr'>nectrans·</span> 
     </span>
     <span class='ocr_line' id='line_1_23' title="bbox 155 2975 1097 3076; baseline -0.005 -24"><span class='ocrx_word' id='word_1_153' title='bbox 155 3039 175 3068; x_wconf 78' lang='lat'>‚.</span> <span class='ocrx_word' id='word_1_154' title='bbox 203 2978 534 3052; x_wconf 78' lang='lat' dir='ltr'>subliarrtlatlouem</span> <span class='ocrx_word' id='word_1_155' title='bbox 563 2979 706 3049; x_wconf 82' lang='lat' dir='ltr'>credere</span> <span class='ocrx_word' id='word_1_156' title='bbox 733 3001 796 3056; x_wconf 86' lang='lat' dir='ltr'>eos</span> <span class='ocrx_word' id='word_1_157' title='bbox 816 2975 909 3076; x_wconf 83' lang='lat' dir='ltr'>polle</span> <span class='ocrx_word' id='word_1_158' title='bbox 934 3033 943 3063; x_wconf 91' lang='lat'>,</span> <span class='ocrx_word' id='word_1_159' title='bbox 971 2999 1097 3072; x_wconf 86' lang='lat' dir='ltr'>quem-</span> 
     </span>
     <span class='ocr_line' id='line_1_24' title="bbox 154 3072 1098 3168; baseline -0.007 -17"><span class='ocrx_word' id='word_1_160' title='bbox 154 3137 178 3168; x_wconf 91' lang='lat'>„</span> <span class='ocrx_word' id='word_1_161' title='bbox 205 3075 406 3151; x_wconf 85' lang='lat' dir='ltr'>admodum</span> <span class='ocrx_word' id='word_1_162' title='bbox 452 3076 546 3148; x_wconf 88' lang='lat' dir='ltr'>hauc</span> <span class='ocrx_word' id='word_1_163' title='bbox 584 3073 621 3148; x_wconf 68' lang='grc' dir='ltr'>ὅ(</span> <span class='ocrx_word' id='word_1_164' title='bbox 651 3074 750 3148; x_wconf 88' lang='lat' dir='ltr'>illam</span> <span class='ocrx_word' id='word_1_165' title='bbox 779 3075 983 3151; x_wconf 90' lang='lat' dir='ltr'>Concilium</span> <span class='ocrx_word' id='word_1_166' title='bbox 1019 3072 1098 3146; x_wconf 83' lang='lat' dir='ltr'>Tri·</span> 
     </span>
     <span class='ocr_line' id='line_1_25' title="bbox 153 3161 1099 3270; baseline -0.006 -22"><span class='ocrx_word' id='word_1_167' title='bbox 153 3233 179 3266; x_wconf 93' lang='lat'>‚‚</span> <span class='ocrx_word' id='word_1_168' title='bbox 209 3174 402 3248; x_wconf 87' lang='lat' dir='ltr'>dentinum</span> <span class='ocrx_word' id='word_1_169' title='bbox 422 3173 498 3248; x_wconf 47' lang='lat' dir='ltr'>‘suis</span> <span class='ocrx_word' id='word_1_170' title='bbox 527 3171 642 3247; x_wconf 88' lang='lat' dir='ltr'>verbis</span> <span class='ocrx_word' id='word_1_171' title='bbox 673 3172 846 3270; x_wconf 79' lang='lat' dir='ltr'>expressit.</span> <span class='ocrx_word' id='word_1_172' title='bbox 922 3161 976 3245; x_wconf 74' lang='lat' dir='ltr'>lit</span> <span class='ocrx_word' id='word_1_173' title='bbox 1013 3193 1099 3243; x_wconf 89' lang='lat' dir='ltr'>com</span> 
     </span>
     <span class='ocr_line' id='line_1_26' title="bbox 153 3265 1098 3366; baseline -0.008 -17"><span class='ocrx_word' id='word_1_174' title='bbox 153 3331 180 3366; x_wconf 92' lang='lat'>„</span> <span class='ocrx_word' id='word_1_175' title='bbox 212 3273 268 3348; x_wconf 84' lang='lat' dir='ltr'>ilii</span> <span class='ocrx_word' id='word_1_176' title='bbox 291 3272 432 3346; x_wconf 84' lang='lat' dir='ltr'>Domini</span> <span class='ocrx_word' id='word_1_177' title='bbox 455 3271 619 3346; x_wconf 87' lang='lat' dir='ltr'>saecuudo</span> <span class='ocrx_word' id='word_1_178' title='bbox 643 3271 689 3344; x_wconf 92' lang='lat' dir='ltr'>ad</span> <span class='ocrx_word' id='word_1_179' title='bbox 706 3272 943 3366; x_wconf 84' lang='lat' dir='ltr'>excogitanda</span> <span class='ocrx_word' id='word_1_180' title='bbox 964 3265 1098 3362; x_wconf 88' lang='lat' dir='ltr'>elsugia</span> 
     </span>
     <span class='ocr_line' id='line_1_27' title="bbox 155 3366 1100 3466; baseline -0.008 -20"><span class='ocrx_word' id='word_1_181' title='bbox 155 3428 180 3463; x_wconf 92' lang='lat'>„</span> <span class='ocrx_word' id='word_1_182' title='bbox 209 3371 357 3466; x_wconf 86' lang='lat' dir='ltr'>ingenio</span> <span class='ocrx_word' id='word_1_183' title='bbox 381 3369 469 3456; x_wconf 91' lang='lat' dir='ltr'>lint,</span> <span class='ocrx_word' id='word_1_184' title='bbox 492 3369 529 3445; x_wconf 78' lang='lat' dir='ltr'>dc</span> <span class='ocrx_word' id='word_1_185' title='bbox 554 3366 662 3442; x_wconf 89' lang='lat' dir='ltr'>variis</span> <span class='ocrx_word' id='word_1_186' title='bbox 688 3391 807 3444; x_wconf 85' lang='lat' dir='ltr'>rerum</span> <span class='ocrx_word' id='word_1_187' title='bbox 829 3368 1008 3466; x_wconf 85' lang='lat' dir='ltr'>speciebus</span> <span class='ocrx_word' id='word_1_188' title='bbox 1036 3368 1100 3439; x_wconf 85' lang='lat' dir='ltr'>ab·</span> 
     </span>
     <span class='ocr_line' id='line_1_28' title="bbox 106 3464 1101 3564; baseline -0.009 -19"><span class='ocrx_word' id='word_1_189' title='bbox 106 3513 108 3518; x_wconf 95' lang='lat'>·</span> <span class='ocrx_word' id='word_1_190' title='bbox 154 3527 182 3564; x_wconf 93' lang='lat'><strong>„</strong></span> <span class='ocrx_word' id='word_1_191' title='bbox 212 3469 381 3554; x_wconf 87' lang='lat' dir='ltr'>undcnt,</span> <span class='ocrx_word' id='word_1_192' title='bbox 424 3469 517 3544; x_wconf 87' lang='lat' dir='ltr'>sorte</span> <span class='ocrx_word' id='word_1_193' title='bbox 555 3466 760 3542; x_wconf 79' lang='lat' dir='ltr'>confinxere</span> <span class='ocrx_word' id='word_1_194' title='bbox 796 3469 1005 3542; x_wconf 74' lang='lat' dir='ltr'>chimaeram</span> <span class='ocrx_word' id='word_1_195' title='bbox 1037 3464 1101 3538; x_wconf 84' lang='lat' dir='ltr'>ali·</span> 
     </span>
     <span class='ocr_line' id='line_1_29' title="bbox 157 3562 1102 3666; baseline -0.007 -24"><span class='ocrx_word' id='word_1_196' title='bbox 157 3622 183 3662; x_wconf 88' lang='lat'><strong>„</strong></span> <span class='ocrx_word' id='word_1_197' title='bbox 213 3589 328 3666; x_wconf 87' lang='lat' dir='ltr'>quam</span> <span class='ocrx_word' id='word_1_198' title='bbox 355 3620 365 3653; x_wconf 91' lang='lat'>,</span> <span class='ocrx_word' id='word_1_199' title='bbox 391 3569 449 3643; x_wconf 91' lang='lat' dir='ltr'>cui</span> <span class='ocrx_word' id='word_1_200' title='bbox 471 3566 550 3664; x_wconf 78' lang='lat' dir='ltr'>ipsis</span> <span class='ocrx_word' id='word_1_201' title='bbox 573 3566 717 3642; x_wconf 87' lang='lat' dir='ltr'>libuerit</span> <span class='ocrx_word' id='word_1_202' title='bbox 742 3562 1102 3642; x_wconf 82' lang='lat' dir='ltr'>transsubstantiatio·</span> 
     </span>
     <span class='ocr_line' id='line_1_30' title="bbox 157 3660 1100 3763; baseline -0.008 -22"><span class='ocrx_word' id='word_1_203' title='bbox 157 3723 185 3761; x_wconf 93' lang='lat'><strong>„</strong></span> <span class='ocrx_word' id='word_1_204' title='bbox 219 3665 280 3740; x_wconf 90' lang='lat' dir='ltr'>nis</span> <span class='ocrx_word' id='word_1_205' title='bbox 303 3684 436 3740; x_wconf 91' lang='lat' dir='ltr'>nomen</span> <span class='ocrx_word' id='word_1_206' title='bbox 462 3666 656 3763; x_wconf 90' lang='lat' dir='ltr'>imponere.</span> <span class='ocrx_word' id='word_1_207' title='bbox 733 3665 838 3752; x_wconf 91' lang='lat' dir='ltr'>Quod</span> <span class='ocrx_word' id='word_1_208' title='bbox 862 3687 921 3738; x_wconf 92' lang='lat' dir='ltr'>me</span> <span class='ocrx_word' id='word_1_209' title='bbox 945 3660 1100 3759; x_wconf 81' lang='lat' dir='ltr'>spetiat,</span> 
     </span>
    </p>
   </div>
   <div class='ocr_carea' id='block_1_3' title="bbox 159 3753 1106 3939">
    <p class='ocr_par' dir='ltr' id='par_1_3' title="bbox 159 3753 1106 3939">
     <span class='ocr_line' id='line_1_31' title="bbox 159 3753 1106 3939; baseline -0.012 -98"><span class='ocrx_word' id='word_1_210' title='bbox 159 3817 187 3859; x_wconf 91' lang='lat'>„</span> <span class='ocrx_word' id='word_1_211' title='bbox 214 3777 261 3840; x_wconf 91' lang='lat' dir='ltr'>ut</span> <span class='ocrx_word' id='word_1_212' title='bbox 285 3784 363 3838; x_wconf 92' lang='lat' dir='ltr'>rem</span> <span class='ocrx_word' id='word_1_213' title='bbox 383 3765 494 3841; x_wconf 88' lang='lat' dir='ltr'>libere</span> <span class='ocrx_word' id='word_1_214' title='bbox 530 3761 708 3939; x_wconf 52' lang='lat' dir='ltr'>eloqppap,</span> <span class='ocrx_word' id='word_1_215' title='bbox 752 3775 876 3861; x_wconf 89' lang='lat' dir='ltr'>repeto</span> <span class='ocrx_word' id='word_1_216' title='bbox 900 3759 938 3836; x_wconf 89' lang='lat' dir='ltr'>id</span> <span class='ocrx_word' id='word_1_217' title='bbox 958 3753 1106 3932; x_wconf 47' lang='lat' dir='ltr'>&amp;xpuod</span> 
     </span>
    </p>
   </div>
   <div class='ocr_carea' id='block_1_4' title="bbox 164 4039 1108 4076">
    <p class='ocr_par' dir='ltr' id='par_1_4' title="bbox 164 4039 1108 4076">
     <span class='ocr_line' id='line_1_32' title="bbox 164 4039 1108 4076; baseline -0.007 0"><span class='ocrx_word' id='word_1_218' title='bbox 164 4039 1108 4076; x_wconf 59' lang='lat' dir='ltr'><em>w</em></span> 
     </span>
    </p>
   </div>
   <div class='ocr_carea' id='block_1_5' title="bbox 209 4092 1070 4194">
    <p class='ocr_par' dir='ltr' id='par_1_5' title="bbox 209 4092 1070 4194">
     <span class='ocr_line' id='line_1_33' title="bbox 209 4092 1070 4194; baseline -0.007 -28"><span class='ocrx_word' id='word_1_219' title='bbox 209 4099 267 4182; x_wconf 80' lang='lat' dir='ltr'>(b)</span> <span class='ocrx_word' id='word_1_220' title='bbox 286 4096 425 4182; x_wconf 69' lang='lat' dir='ltr'>spuitur</span> <span class='ocrx_word' id='word_1_221' title='bbox 443 4100 575 4180; x_wconf 79' lang='lat' dir='ltr'>Aruddi</span> <span class='ocrx_word' id='word_1_222' title='bbox 603 4096 752 4170; x_wconf 72' lang='lat' dir='ltr'>ronti</span> <span class='ocrx_word' id='word_1_223' title='bbox 773 4097 932 4194; x_wconf 66' lang='lat' dir='ltr'>pen-166,</span> <span class='ocrx_word' id='word_1_224' title='bbox 951 4092 987 4162; x_wconf 74' lang='lat' dir='ltr'>dt</span> <span class='ocrx_word' id='word_1_225' title='bbox 1000 4097 1070 4172; x_wconf 68' lang='lat'>162.</span> 
     </span>
    </p>
   </div>
   <div class='ocr_carea' id='block_1_6' title="bbox 0 0 1295 4509">
    <p class='ocr_par' dir='ltr' id='par_1_6' title="bbox 0 0 1295 4509">
     <span class='ocr_line' id='line_1_34' title="bbox 0 0 1295 4509; baseline 0 0"><span class='ocrx_word' id='word_1_226' title='bbox 0 0 1295 4509; x_wconf 95' lang='lat' dir='ltr'> </span> 
     </span>
    </p>
   </div>
  </div>
 </body>
</html>
