2492 4509
292 639 534 762 Μ
564 637 901 764 (ΦΜ

180 877 271 964 vix
306 874 375 962 ilie
401 901 519 962 anno
534 907 666 990 „1755
694 877 739 964 in
756 873 893 968 Gallia
922 873 1064 974 lucem

127 990 373 1112 aspexerat,
404 1019 503 1080 cum
527 993 666 1083 coorti
691 995 880 1112 undique
898 997 944 1086 in
965 1008 1064 1089 eum

126 1109 366 1223 jansenistae
388 1109 502 1196 mille
531 1109 640 1198 diras
657 1139 852 1211 vomere,
892 1115 1063 1212 necui·

128 1230 212 1315 lum
245 1227 393 1346 probri
421 1255 473 1313 ac
501 1229 769 1316 contumelia¹
787 1221 921 1344 genus
929 1227 1062 1320 furori

130 1343 200 1432 suo
227 1347 437 1462 reliquum
459 1339 617 1443 facere,
632 1373 720 1460 quo
750 1373 842 1434 non
870 1344 988 1448 illum
1015 1345 1062 1434 fi·

130 1461 169 1548 bi
198 1461 471 1552 lacerandum
508 1481 718 1574 putarent.
784 1459 1060 1572 Jansenianut

128 1577 455 1695 Ephcmetidum
496 1579 671 1692 scriptor
704 1607 730 1666 a
761 1581 914 1664 Neritii
947 1579 1061 1664 Eccit-

123 1695 278 1814 fiassicis,
308 1723 415 1812 quas
451 1693 618 1813 fingulia
651 1695 888 1811 septimanis
916 1698 962 1784 in
997 1697 1059 1784 lu·

132 1841 222 1900 cem
246 1813 491 1932 protrudit,
522 1811 730 1900 famosum
765 1831 921 1900 nornen
962 1811 1060 1902 ade·

131 1951 227 2042 ptus
264 1933 368 2045 (cui
407 1925 594 2046 profesto
632 1956 722 2018 non
776 1925 912 2017 modo
958 1933 1059 2018 cuni

133 2047 333 2134 Romanis
361 2051 405 2137 δι
424 2043 830 2164 Ulyffiponenfibus,
848 2045 1058 2134 sedetiam

134 2191 227 2250 cum
256 2165 476 2252 Germanis
505 2163 652 2250 nostris
682 2160 916 2250 admodum
931 2181 1056 2252 accu'·

135 2303 263 2368 ratum
294 2283 337 2369 dt
367 2280 564 2368 familiare
592 2281 823 2366 litterarum
852 2303 1057 2366 commer-

139 2399 238 2483 cium
269 2399 503 2486 intercedat
533 2395 690 2483 neceiie
719 2395 804 2494 est,
835 2395 902 2495 id,
935 2391 1057 2511 quod

143 2534 245 2625 patet
269 2543 325 2602 ex
353 2519 427 2610 iis,
466 2541 562 2628 quae
591 2515 637 2598 in
667 2513 921 2610 Germania,
951 2539 991 2603 v.
1014 2539 1054 2626 g.

85 2694 87 2709 .
139 2633 359 2750 Augustae,
388 2634 590 2727 Viennae,
615 2629 785 2744 Pragae,
805 2629 955 2715 Grecii
972 2628 1055 2715 &c

85 2710 91 2789 ι
138 2773 277 2838 contra
310 2749 451 2836 Patres
480 2745 685 2859 Jesuitas,
722 2771 951 2860 eorumque
978 2741 1054 2830 do·

85 2908 87 2945 ι
136 2865 327 2966 drinam,
366 2863 566 2960 scholas,
602 2889 742 2950 novos
768 2861 923 2960 libros,
955 2883 1056 2948 con·

135 2987 272 3072 ciones
318 2983 473 3070 statuta
524 2977 718 3098 gestaque
765 2977 909 3076 fuiiie,
954 3001 1054 3065 cum

134 3097 317 3220 iugulari
330 3099 488 3212 semper
505 3096 774 3184 statuentium
794 3093 964 3210 elogio,
994 3117 1054 3180 re·

132 3243 301 3336 rumque
329 3215 533 3334 gestarum
558 3211 864 3326 approbatione
884 3218 1052 3312 narrat)

132 3333 432 3446 Jtnsenianus,
479 3330 681 3444 inquam,
717 3329 913 3410 notitiarum
948 3325 1051 3414 Scri·

130 3475 242 3568 pror,
271 3475 428 3540 omnes
449 3446 683 3554 janseniani
698 3443 756 3528 sui
772 3443 951 3559 ingenii,
967 3441 1051 3530 eio-

130 3575 300 3686 quentiae
332 3595 389 3653 ac
421 3559 591 3648 fervoris
604 3586 755 3646 nervos
782 3555 984 3654 intendit,
1002 3577 1050 3642 ut

129 3685 229 3780 hunc
239 3691 408 3776 librum
431 3681 595 3792 penitus
612 3675 837 3763 contusum
857 3677 900 3766 δι
920 3673 1049 3761 obtri-

126 3791 696 3909 immmfflmoeQm

523 4009 625 4115 >it
881 4003 974 4092 Eu*
