2492 4509
362 600 830 742 Dimms’nrn
1006 622 1075 712 ibt
1144 675 1165 694 -.

146 817 243 900 bitus
269 817 400 898 verba:
423 819 590 920 „Gratia
612 809 836 908 Cathosiooe,
947 843 985 896 m
1001 842 1082 918 pro-

146 969 170 1010 „
194 915 321 1002 sitem,
346 913 459 1004 fidei,
484 943 557 1032 qua
579 919 831 1014 mevdignatus
852 899 876 995 'e
942 919 1081 1004 DEus,

146 1067 172 1106 ‚,
200 1012 239 1092 ὅ(
263 1013 380 1090 honor
407 1014 535 1092 Gallici
557 1017 738 1102 nominis,
763 1041 834 1114 quo
860 1015 1014 1114 glorior,
1041 1023 1090 1094 ae
1133 1100 1135 1107 Α

146 1113 183 1204 ,,-·’
196 1135 332 1188 munus
344 1111 573 1210 Magistratus
582 1115 686 1210 regii,
710 1115 805 1214 quod
821 1139 929 1210 gero,
967 1117 1086 1212 impu·

146 1263 174 1300 .‚
195 1210 365 1298 sereme,
383 1213 483 1290 utin
498 1211 714 1290 antecessum
741 1219 899 1311 aperiam
926 1216 1088 1310 compiu-

151 1359 176 1396 ,‚
202 1310 298 1386 rium
320 1306 429 1408 hujus
445 1305 566 1387 saecuii
580 1309 788 1405 scriptorum
805 1310 983 1387 fallaciam
999 1310 1110 1406 ..qui

152 1457 177 1496 .,
195 1405 260 1484 sub
296 1403 382 1484 fasso
404 1408 588 1504 religionis
605 1409 756 1486 obtentu
792 1407 1087 1486 Aristocraticum

152 1503 369 1595 ..Ecclesiae
397 1503 530 1584 statum
568 1523 677 1604 atque
706 1507 1003 1602 gubernationem
1032 1507 1088 1582 in·
1121 1601 1123 1606 ¹
1170 1557 1175 1572 .

150 1653 175 1690 ,.
197 1615 339 1678 vertere
350 1616 542 1682 attentant
559 1659 584 1692 „
608 1603 670 1681 Ad
691 1604 789 1680 hunc
804 1606 915 1702 igitur
942 1603 1119 1680 fraudu!

150 1695 294 1780 lentum
323 1717 543 1800 praetextum
568 1715 678 1801 atque
698 1700 826 1798 musam
851 1702 1089 1802 comprimen-

152 1795 268 1887 uum,
292 1797 487 1897 profanus,
525 1799 587 1877 hic
605 1800 744 1886 homo,
772 1800 843 1877 loci
856 1799 894 1878 δι
915 1799 1090 1876 conditio·

146 1895 296 1976 uisum
307 1895 565 1994 immemor.se
594 1896 709 1998 ipsum
732 1899 957 1996 Theologum
980 1911 1088 1998 creat,
1167 1901 1175 1918 '

196 2055 405 2138 Ut‘autem
430 2061 561 2138 clarius
585 2061 694 2138 cadat
717 2060 778 2138 sub
803 2062 953 2143 oculos.
978 2087 1090 2161 quan·

146 2169 190 2240 ta
223 2156 269 2236 sit
303 2157 514 2258 conspiratio
556 2158 812 2258 consensusque
834 2160 1092 2271 prinoipiorum

146 2259 250 2338 'inter
264 2255 377 2371 ipsum
402 2257 648 2372 &haereticoa
658 2313 668 2346 ,
702 2255 807 2370 Juvat
854 2280 956 2370 ancia
978 2281 1089 2428 exlpo·
1145 2363 1150 2376 .

146 2377 355 2453 nere,qu1
379 2357 464 2432 hinc
486 2355 676 2442 haeretici,
702 2355 785 2432 mde
842 2354 990 2429 atholici
1026 2378 1089 2428 en·

146 2457 250 2535 riant
275 2453 320 2527 de
336 2456 475 2530 ratione
502 2453 712 2551 regminis,
746 2476 818 2549 quo
845 2450 953 2550 JEsus
983 2450 1089 2527 Chri·

146 2554 226 2728 stuls
244 2551 437 2729 {eclesiam
459 2550 559 2630 suain
582 2552 628 2632 ab
656 2549 864 2630 hominibus
897 2549 1088 2648 gubernari
1135 2569 1141 2576 ·

146 2673 259 2733 voui
533 2695 539 2702 -
775 2717 785 2732 „

217 2878 304 2958 Tria
332 2881 601 2981 distinguuntur
627 2880 929 2979 gubernationum
983 2898 1093 2974 geno·

146 3005 215 3064 ra:
240 2980 459 3068 Mounichia,
484 3004 565 3081 quae
597 2979 708 3057 status
730 2977 801 3066 est,
838 2980 876 3054 in
904 3000 975 3079 quo
999 2974 1091 3054 sum-

146 3104 262 3162 mum
286 3080 338 3156 im
362 3080 476 3155 orium
500 3082 538 3155 in
553 3079 660 3156 unius
683 3077 789 3155 solius
821 3076 989 3154 manibus
1015 3071 1096 3152 resu-

146 3183 241 3262 det:
268 3104 530 3288 Arisiocratiim
571 3177 708 3275 inqua
740 3176 901 3289 suprema
931 3169 1094 3281 potestas

146 3299 274 3384 penes
309 3275 492 3352 Nobilium
526 3289 635 3372 atque
665 3274 697 3350 0
722 3287 892 3352 trinutum
928 3269 1097 3353 ordinem

146 3375 229 3456 est:
255 3371 518 3458 Derriocratiae,
539 3376 578 3450 in
601 3396 673 3472 qua
695 3297 834 3483 iumma
848 3366 1097 3478 reruminpor

146 3473 236 3580 pusi
260 3474 405 3550 arbitrio
432 3471 542 3569 posita
571 3469 631 3546 est.
661 3469 754 3546 Haec
770 3483 840 3544 tria
862 3465 1096 3578 gubematioe

146 3595 251 3656 aium
274 3569 485 3664 simplicium
514 3591 647 3665 genera
655 3569 836 3646 interdum
860 3559 1014 3674 intense
1036 3585 1100 3646 m·

146 3671 282 3774 palata
307 3667 407 3751 sunt.
441 3669 492 3746 ita
528 3667 690 3764 quidem,
727 3679 769 3742 ut
798 3661 970 3774 ‘regimini
1011 3661 1091 3770 sio·

147 3766 329 3850 marchico
349 3769 394 3842 ab
419 3765 582 3844 admixto
602 3763 881 3846 Aristocratico,
904 3758 963 3836 vel
984 3771 1098 3842 etiarn

146 3867 413 3948 Democratico
437 3875 763 3965 temperamentum
780 3857 923 3961 aliquod
929 3879 1096 4032 iiiiii*
