2492 4509
515 533 526 584 ἱ
589 577 604 586 .

355 617 506 710 264
719 605 989 688 Verum
1046 601 1318 707 conflue
1360 567 1785 707 Bagam
1830 573 1995 694 &a
2096 669 2113 696 ,

361 815 680 910 co'nfiliis
702 880 722 911 ,
788 823 867 901 &
911 822 1299 921 vacilla1e3
1348 825 1471 904 hae
1508 847 1551 900 e
1608 823 1837 902 Portu
1878 821 2115 922 Regio
2164 851 2172 901 :

358 925 660 1022 Campis
700 945 906 1020 aeque
948 925 1023 999 in
1075 924 1370 1024 lapsum,
1420 923 1534 1018 dis
1571 921 1863 1000 erssonis
1910 921 1991 999 ὅ(
2040 925 2172 1000 exij

354 1038 565 1100 metu
594 1078 614 1107 ‚
667 1022 937 1119 impelli
995 1038 1353 1122 poterant.
1580 1022 1792 1097 dhaec
1846 1023 2173 1120 nequibas

353 1123 506 1197 ulla
545 1119 781 1218 juvari
827 1145 964 1218 ope
994 1177 1011 1206 ‚
1064 1124 1232 1197 ullis
1274 1122 1547 1199 firmari
1575 1177 1596 1208 ,
1648 1119 1967 1197 subfidiis
2002 1145 2051 1206 a
2082 1145 2174 1198 m:

354 1220 720 1316 gnanimis
771 1218 912 1309 illis
966 1219 1297 1297 solitariis
1323 1279 1343 1309 ,
1397 1221 1519 1320 qui
1588 1219 1839 1307 veriti,
1876 1243 1987 1318 ‚ne
2022 1217 2173 1297 Aul

355 1319 651 1394 decreto
701 1341 744 1391 e
795 1317 1170 1394 solitudine
1252 1320 1377 1398 sua
1445 1317 1683 1394 exeffe
1742 1315 2174 1416 juberentur

195 1464 200 1468 -
357 1433 576 1492 caute
618 1416 687 1492 se
734 1418 808 1491 in
840 1417 1152 1494 latebras
1190 1419 1571 1494 abdebant.
1671 1413 1969 1516 Anceps
1998 1417 2174 1514 igitu

359 1540 450 1592 ac
500 1516 816 1592 lubricus
884 1530 1042 1591 erat
1113 1540 1359 1592 rerum
1406 1515 1629 1591 status
1666 1572 1686 1600 ‚
1758 1515 1835 1590 in
1882 1519 2030 1628 quo
2082 1538 2175 1590 ve

353 1614 694 1691 fabuntur
745 1615 863 1687 11ae
943 1616 1262 1710 virgines
1312 1639 1335 1688 ε
1416 1635 1505 1690 ur
1552 1614 1725 1689 ebat·
1766 1613 2174 1711 penculum

359 1714 438 1790 &
490 1725 904 1810 promptum
968 1715 1323 1790 auxilium
1388 1639 1770 1812 possebat:
1822 1709 2005 1788 Viro
2051 1735 2175 1810 opt

356 1825 518 1886 erat
588 1825 910 1907 expertae
985 1812 1430 1888 fortitudinis
1464 1867 1484 1898 ‚
1560 1811 1687 1910 qui
1734 1833 1861 1886 eas
1906 1814 2174 1887 vexatio

357 1909 657 1988 afflittas
733 1911 1007 2004 erigere
1033 1966 1052 1997 ‚
1118 1935 1204 1984 ac
1255 1910 1683 1985 confirmare
1746 1907 1971 2006 posset
1994 1963 2017 1996 ,
2068 1931 2171 2006 qu

355 2007 821 2105 suspicionem
868 2023 1118 2083 contra
1165 2007 1233 2081 se
1280 2021 1609 2082 moveret
1642 2009 2089 2082 vexatoribus.

480 2201 484 2202 ἢ
563 2106 952 2209 Hamonus
1005 2108 1335 2180 Medic-us
1366 2107 1443 2179 in
1466 2105 1693 2182 Portu
1744 2105 1976 2201 Regio
2002 2104 2176 2184 solie
